{"id":"gen9natdexdraft-531","log":"|j|☆r6_private_ryan\n|j|☆L_Torchic_L\n|t:|1764090625\n|gametype|singles\n|player|p1|r6_private_ryan|170|\n|player|p2|L_Torchic_L|benga|\n|gen|9\n|tier|[Gen 9] NatDex Draft\n|rule|Tera Type Preview: Tera Types are shown at Team Preview\n|rule|Sleep Clause Mod: Limit one foe put to sleep\n|rule|OHKO Clause: OHKO moves are banned\n|rule|Evasion Clause: Evasion abilities, items, and moves are banned\n|rule|Evasion Abilities Clause: Evasion abilities are banned\n|rule|Evasion Items Clause: Evasion items are banned\n|rule|Evasion Moves Clause: Evasion moves are banned\n|rule|Endless Battle Clause: Forcing endless battles is banned\n|rule|HP Percentage Mod: HP is shown in percentages\n|raw|<div class=\"infobox\"><details class=\"readmore\" open><summary><strong>1 custom rule:</strong></summary> Tera Type Preview</details></div>\n|clearpoke\n|poke|p1|Clashing Teeth, M|\n|poke|p1|Altaria-Hell, M|\n|poke|p1|Meowscarada, F|\n|poke|p1|Dashing Hammer, M|\n|poke|p1|Quaquaval, F|\n|poke|p1|Rotom-Brass, M|\n|poke|p2|Rotom-Wash|\n|poke|p2|Skarmory, M|\n|poke|p2|Dragapult, F|\n|poke|p2|Landorus, M|\n|poke|p2|Darmanitan-Galar, F|\n|poke|p2|Swellow, F|\n|raw|r6_private_ryan's Tera Types:<br /><psicon pokemon=\"clashingteeth\" /><psicon type=\"Ground\" /> / <psicon pokemon=\"altariahell\" /><psicon type=\"Fire\" /> / <psicon pokemon=\"meowscarada\" /><psicon type=\"Grass\" /> / <psicon pokemon=\"dashinghammer\" /><psicon type=\"Ice\" /> / <psicon pokemon=\"quaquaval\" /><psicon type=\"Water\" /> / <psicon pokemon=\"rotombrass\" /><psicon type=\"Fairy\" />\n|raw|L_Torchic_L's Tera Types:<br /><psicon pokemon=\"rotomwash\" /><psicon type=\"Electric\" /> / <psicon pokemon=\"skarmory\" /><psicon type=\"Steel\" /> / <psicon pokemon=\"dragapult\" /><psicon type=\"Dragon\" /> / <psicon pokemon=\"landorus\" /><psicon type=\"Ground\" /> / <psicon pokemon=\"darmanitangalar\" /><psicon type=\"Ice\" /> / <psicon pokemon=\"swellow\" /><psicon type=\"Normal\" />\n|teampreview\n|c|☆L_Torchic_L|glhf\n|c|☆r6_private_ryan|U2 can U post live link please \n|c|☆L_Torchic_L|YE\n|\n|t:|1764090685\n|teamsize|p1|6\n|teamsize|p2|6\n|start\n|switch|p1a: Sonya Blade|Altaria-Hell, M, shiny|100/100\n|switch|p2a: Swellow|Swellow, F|100/100\n|turn|1\n|\n|t:|1764090705\n|detailschange|p2a: Swellow|Swellow-Mega, F\n|-mega|p2a: Swellow|Swellow|Swellowite\n|move|p2a: Swellow|U-turn|p1a: Sonya Blade\n|-resisted|p1a: Sonya Blade\n|-damage|p1a: Sonya Blade|93/100\n|\n|t:|1764090711\n|switch|p2a: Rotom|Rotom-Wash|100/100|[from] U-turn\n|move|p1a: Sonya Blade|Substitute|p1a: Sonya Blade\n|-start|p1a: Sonya Blade|Substitute\n|-damage|p1a: Sonya Blade|68/100\n|\n|upkeep\n|turn|2\n|\n|t:|1764090725\n|detailschange|p1a: Sonya Blade|Altaria-Hell-Mega, M, shiny\n|-mega|p1a: Sonya Blade|Altaria-Hell|Altarite HELL\n|move|p1a: Sonya Blade|Moonblast|p2a: Rotom\n|-damage|p2a: Rotom|61/100\n|move|p2a: Rotom|Hydro Pump|p1a: Sonya Blade\n|-supereffective|p1a: Sonya Blade\n|-end|p1a: Sonya Blade|Substitute\n|\n|upkeep\n|turn|3\n|\n|t:|1764090742\n|move|p1a: Sonya Blade|Moonblast|p2a: Rotom\n|-damage|p2a: Rotom|17/100\n|move|p2a: Rotom|Volt Switch|p1a: Sonya Blade\n|-damage|p1a: Sonya Blade|23/100\n|\n|t:|1764090761\n|switch|p2a: Landorus|Landorus, M|100/100|[from] Volt Switch\n|\n|upkeep\n|turn|4\n|\n|t:|1764090770\n|move|p2a: Landorus|Earth Power|p1a: Sonya Blade\n|-supereffective|p1a: Sonya Blade\n|-damage|p1a: Sonya Blade|0 fnt\n|faint|p1a: Sonya Blade\n|detailschange|p1: Sonya Blade|Altaria-Hell, M, shiny|[silent]\n|\n|upkeep\n|\n|t:|1764090800\n|switch|p1a: Scorpion|Meowscarada, F, shiny|100/100\n|turn|5\n|\n|t:|1764090807\n|switch|p2a: Skarmory|Skarmory, M|100/100\n|move|p1a: Scorpion|Triple Axel|p2a: Skarmory\n|-start|p1a: Scorpion|typechange|Ice|[from] ability: Protean\n|-damage|p2a: Skarmory|95/100\n|-damage|p1a: Scorpion|84/100|[from] item: Rocky Helmet|[of] p2a: Skarmory\n|-damage|p2a: Skarmory|83/100\n|-damage|p1a: Scorpion|68/100|[from] item: Rocky Helmet|[of] p2a: Skarmory\n|-damage|p2a: Skarmory|65/100\n|-damage|p1a: Scorpion|51/100|[from] item: Rocky Helmet|[of] p2a: Skarmory\n|-hitcount|p2a: Skarmory|3\n|\n|upkeep\n|turn|6\n|\n|t:|1764090826\n|switch|p1a: Kano|Rotom-Brass, M, shiny|100/100\n|move|p2a: Skarmory|Stealth Rock|p1a: Kano\n|-sidestart|p1: r6_private_ryan|move: Stealth Rock\n|\n|upkeep\n|turn|7\n|\n|t:|1764090845\n|switch|p2a: Rotom|Rotom-Wash|17/100\n|move|p1a: Kano|Shadow Ball|p2a: Rotom\n|-damage|p2a: Rotom|0 fnt\n|faint|p2a: Rotom\n|\n|upkeep\n|\n|t:|1764090849\n|switch|p2a: Dragapult|Dragapult, F|100/100\n|turn|8\n|\n|t:|1764090861\n|move|p2a: Dragapult|Draco Meteor|p1a: Kano\n|-resisted|p1a: Kano\n|-damage|p1a: Kano|40/100\n|-unboost|p2a: Dragapult|spa|2\n|move|p1a: Kano|Shadow Ball|p2a: Dragapult\n|-supereffective|p2a: Dragapult\n|-damage|p2a: Dragapult|0 fnt\n|faint|p2a: Dragapult\n|\n|upkeep\n|c|☆L_Torchic_L|i didnt mean\n|c|☆L_Torchic_L|to use that\n|c|☆L_Torchic_L|woopsie\n|\n|t:|1764090904\n|switch|p2a: Darmanitan|Darmanitan-Galar, F|100/100\n|turn|9\n|c|☆r6_private_ryan|That's rough then\n|c|☆L_Torchic_L|nah its fine\n|c|☆L_Torchic_L|id win.\n|j| the_Shawdoin\n|\n|t:|1764090930\n|move|p2a: Darmanitan|Icicle Crash|p1a: Kano\n|-resisted|p1a: Kano\n|-damage|p1a: Kano|0 fnt\n|faint|p1a: Kano\n|\n|upkeep\n|c| the_Shawdoin|I was so confused lol\n|\n|t:|1764090940\n|switch|p1a: Johnny Cage|Quaquaval, F, shiny|100/100\n|-damage|p1a: Johnny Cage|94/100|[from] Stealth Rock\n|turn|10\n|\n|t:|1764090951\n|switch|p2a: Skarmory|Skarmory, M|65/100\n|move|p1a: Johnny Cage|Aqua Step|p2a: Skarmory\n|-damage|p2a: Skarmory|44/100\n|-boost|p1a: Johnny Cage|spe|1\n|-damage|p1a: Johnny Cage|78/100|[from] item: Rocky Helmet|[of] p2a: Skarmory\n|\n|upkeep\n|turn|11\n|\n|t:|1764090963\n|move|p1a: Johnny Cage|Close Combat|p2a: Skarmory\n|-crit|p2a: Skarmory\n|-damage|p2a: Skarmory|0 fnt\n|-unboost|p1a: Johnny Cage|def|1\n|-unboost|p1a: Johnny Cage|spd|1\n|-damage|p1a: Johnny Cage|62/100|[from] item: Rocky Helmet|[of] p2a: Skarmory\n|faint|p2a: Skarmory\n|-ability|p1a: Johnny Cage|Moxie|boost\n|-boost|p1a: Johnny Cage|atk|1\n|\n|upkeep\n|c|☆L_Torchic_L|i havent played enough gen 9 to know what this thing can do\n|c|☆L_Torchic_L|NOOOO\n|c|☆r6_private_ryan|Ha\n|\n|t:|1764090994\n|switch|p2a: Darmanitan|Darmanitan-Galar, F|100/100\n|turn|12\n|c| the_Shawdoin|This thing is an insane sweeper and tera Captain \n|\n|t:|1764091002\n|move|p2a: Darmanitan|Earthquake|p1a: Johnny Cage\n|-damage|p1a: Johnny Cage|0 fnt\n|faint|p1a: Johnny Cage\n|\n|upkeep\n|c| the_Shawdoin|One of the best tera caps in modern era\n|c| the_Shawdoin|For offensive reasons \n|c| the_Shawdoin|Better mixed purpose or defensive teras \n|\n|t:|1764091029\n|switch|p1a: Sub Zero|Dashing Hammer, M, shiny|100/100\n|-damage|p1a: Sub Zero|88/100|[from] Stealth Rock\n|-enditem|p1a: Sub Zero|Booster Energy\n|-activate|p1a: Sub Zero|ability: Protosynthesis|[fromitem]\n|-start|p1a: Sub Zero|protosynthesisatk\n|turn|13\n|c|☆L_Torchic_L|its speed is kinda like\n|c|☆L_Torchic_L|poopy tho\n|c|☆r6_private_ryan|Yeah ik\n|\n|t:|1764091053\n|-terastallize|p1a: Sub Zero|Ice\n|move|p2a: Darmanitan|Earthquake|p1a: Sub Zero\n|-crit|p1a: Sub Zero\n|-damage|p1a: Sub Zero|1/100\n|move|p1a: Sub Zero|Close Combat|p2a: Darmanitan\n|-supereffective|p2a: Darmanitan\n|-damage|p2a: Darmanitan|0 fnt\n|-unboost|p1a: Sub Zero|def|1\n|-unboost|p1a: Sub Zero|spd|1\n|faint|p2a: Darmanitan\n|\n|upkeep\n|c| the_Shawdoin|Aqua step boost it every time you click so pray\n|c|☆L_Torchic_L|did not see that terra\n|\n|t:|1764091065\n|switch|p2a: Swellow|Swellow-Mega, F|100/100\n|turn|14\n|c|☆L_Torchic_L|coming\n|c|☆L_Torchic_L|uh oh\n|c|☆r6_private_ryan|Ouch\n|c|☆L_Torchic_L|i might be in a bit of trouble\n|\n|t:|1764091080\n|move|p2a: Swellow|Quick Attack|p1a: Sub Zero\n|-damage|p1a: Sub Zero|0 fnt\n|faint|p1a: Sub Zero\n|-end|p1a: Sub Zero|Protosynthesis|[silent]\n|\n|upkeep\n|\n|t:|1764091088\n|switch|p1a: Jax|Clashing Teeth, M, shiny|100/100\n|-damage|p1a: Jax|94/100|[from] Stealth Rock\n|turn|15\n|\n|t:|1764091109\n|move|p2a: Swellow|U-turn|p1a: Jax\n|-damage|p1a: Jax|64/100\n|\n|t:|1764091111\n|switch|p2a: Landorus|Landorus, M|100/100|[from] U-turn\n|move|p1a: Jax|Flip Turn|p2a: Landorus\n|-supereffective|p2a: Landorus\n|-crit|p2a: Landorus\n|-damage|p2a: Landorus|0 fnt\n|faint|p2a: Landorus\n|c|☆L_Torchic_L|i hate my life\n|\n|t:|1764091124\n|-end|p1a: Jax|Protosynthesis|[silent]\n|switch|p1a: Scorpion|Meowscarada, F, shiny|51/100|[from] Flip Turn\n|-damage|p1a: Scorpion|39/100|[from] Stealth Rock\n|\n|upkeep\n|\n|t:|1764091129\n|switch|p2a: Swellow|Swellow-Mega, F|100/100\n|turn|16\n|\n|t:|1764091134\n|move|p2a: Swellow|Quick Attack|p1a: Scorpion\n|-supereffective|p1a: Scorpion\n|-damage|p1a: Scorpion|0 fnt\n|faint|p1a: Scorpion\n|\n|upkeep\n|c|☆L_Torchic_L|ggwp\n|\n|t:|1764091140\n|switch|p1a: Jax|Clashing Teeth, M, shiny|64/100\n|-damage|p1a: Jax|58/100|[from] Stealth Rock\n|turn|17\n|\n|t:|1764091144\n|move|p1a: Jax|Extreme Speed|p2a: Swellow\n|-damage|p2a: Swellow|28/100\n|move|p2a: Swellow|Boomburst|p1a: Jax\n|-damage|p1a: Jax|0 fnt\n|faint|p1a: Jax\n|-end|p1a: Jax|Protosynthesis|[silent]\n|\n|win|L_Torchic_L\n","players":["r6_private_ryan","L_Torchic_L"],"format":"[Gen 9] NatDex Draft","rating":null,"private":0,"password":null,"inputlog":">version 8a9d31cff1d14ee6b7aa1086104a557c7920492c\n>start {\"formatid\":\"gen9natdexdraft@@@Tera Type Preview\",\"seed\":\"sodium,5385b02ddf4c11a6e903c9af21e7f715\"}\n>player p1 {\"name\":\"r6_private_ryan\",\"avatar\":\"170\",\"team\":\"Jax|ClashingTeeth|ChoiceBand|Protosynthesis|ExtremeSpeed,PoisonJab,FlipTurn,Outrage|Jolly|,252,,,4,252|M||S||,,,,,Ground]Sonya Blade|AltariaHell|AltariteHELL|NaturalCure|FieryDance,Substitute,Moonblast,Earthquake|Naive|,4,,252,,252|M||S||,,,,,Fire]Scorpion|Meowscarada|ChoiceScarf|Protean|Uturn,FlowerTrick,SuckerPunch,TripleAxel|Hasty|,252,,4,,252|F||S||,,,,,Grass]Sub Zero|DashingHammer|BoosterEnergy|Protosynthesis|SwordsDance,CloseCombat,Earthquake,TeraBlast|Naive|,252,,4,,252|M||S||,,,,,Ice]Johnny Cage|Quaquaval|AssaultVest|Moxie|AquaStep,CloseCombat,FlipTurn,TripleAxel|Jolly|,252,,,4,252|F||S||,,,,,Water]Kano|RotomBrass|ChoiceSpecs|Levitate|DarkPulse,ShadowBall,Boomburst,AlluringVoice|Timid|,,,252,4,252|M|,0,,,,|S||,,,,,Fairy\",\"rating\":0}\n>player p2 {\"name\":\"L_Torchic_L\",\"avatar\":\"benga\",\"team\":\"Rotom|RotomWash|HeavyDutyBoots|Levitate|ThunderWave,Defog,VoltSwitch,HydroPump|Modest|252,,,4,236,|N|,0,,,,|||,,,,,Electric]Skarmory||RockyHelmet|Sturdy|Counter,StealthRock,Roost,Whirlwind|Impish|252,,252,,4,|M|,0,,,,|||,,,,,Steel]Dragapult||ChoiceSpecs|Infiltrator|DracoMeteor,Flamethrower,Thunderbolt,Uturn|Timid|,,,252,,252|F||||,,,,,Dragon]Landorus||LifeOrb|SheerForce|EarthPower,FocusBlast,SludgeBomb,StoneEdge|Timid|4,,,252,,252|M||||,,,,,Ground]Darmanitan|DarmanitanGalar|ChoiceScarf|GorillaTactics|Uturn,IcicleCrash,Earthquake,IronHead|Jolly|4,252,,,,252|F||||,,,,,Ice]Swellow||Swellowite|Guts|Boomburst,QuickAttack,Uturn,Roost|Naughty|4,172,,56,,252|F||||,,,,,Normal\",\"rating\":0}\n>chat ☆L_Torchic_L|glhf\n>chat ☆r6_private_ryan|U2 can U post live link please \n>chat ☆L_Torchic_L|YE\n>p1 team 2, 1, 3, 4, 5, 6\n>p2 team 6, 2, 3, 4, 5, 1\n>p1 move substitute\n>p2 move uturn mega\n>p2 switch 6\n>p1 move moonblast mega\n>p2 move hydropump\n>p1 move moonblast\n>p2 move voltswitch\n>p2 switch 4\n>p1 move moonblast\n>p2 move earthpower\n>p1 switch 3\n>p1 move tripleaxel\n>p2 switch 2\n>p1 switch 6\n>p2 move stealthrock\n>p1 move shadowball\n>p2 switch 4\n>p2 switch 3\n>p1 move shadowball\n>p2 move dracometeor\n>chat ☆L_Torchic_L|i didnt mean\n>chat ☆L_Torchic_L|to use that\n>chat ☆L_Torchic_L|woopsie\n>p2 switch 5\n>chat ☆r6_private_ryan|That's rough then\n>chat ☆L_Torchic_L|nah its fine\n>chat ☆L_Torchic_L|id win.\n>p1 move shadowball\n>p2 move iciclecrash\n>chat  the_Shawdoin|I was so confused lol\n>p1 switch 5\n>p1 move aquastep\n>p2 switch 4\n>p1 move closecombat\n>p2 move roost\n>chat ☆L_Torchic_L|i havent played enough gen 9 to know what this thing can do\n>chat ☆L_Torchic_L|NOOOO\n>chat ☆r6_private_ryan|Ha\n>p2 switch 4\n>chat  the_Shawdoin|This thing is an insane sweeper and tera Captain \n>p1 move closecombat\n>p2 move earthquake\n>chat  the_Shawdoin|One of the best tera caps in modern era\n>chat  the_Shawdoin|For offensive reasons \n>chat  the_Shawdoin|Better mixed purpose or defensive teras \n>p1 switch 4\n>chat ☆L_Torchic_L|its speed is kinda like\n>chat ☆L_Torchic_L|poopy tho\n>chat ☆r6_private_ryan|Yeah ik\n>p1 move closecombat terastallize\n>p2 move earthquake\n>chat  the_Shawdoin|Aqua step boost it every time you click so pray\n>chat ☆L_Torchic_L|did not see that terra\n>p2 switch 6\n>chat ☆L_Torchic_L|coming\n>chat ☆L_Torchic_L|uh oh\n>chat ☆r6_private_ryan|Ouch\n>chat ☆L_Torchic_L|i might be in a bit of trouble\n>p1 move terablast\n>p2 move quickattack\n>p1 switch 2\n>p1 move flipturn\n>p2 move uturn\n>p2 switch 2\n>chat ☆L_Torchic_L|i hate my life\n>p1 switch 6\n>p2 switch 2\n>p1 move tripleaxel\n>p2 move quickattack\n>chat ☆L_Torchic_L|ggwp\n>p1 switch 6\n>p1 move extremespeed\n>p2 move boomburst","uploadtime":1764091156}