{"id":"gen9natdexdraft-288","log":"|j|☆MastersHideout\n|j|☆gamer1234d\n|t:|1762745728\n|gametype|singles\n|player|p1|MastersHideout|101|\n|player|p2|gamer1234d|265|\n|gen|9\n|tier|[Gen 9] NatDex Draft\n|rule|Sleep Clause Mod: Limit one foe put to sleep\n|rule|OHKO Clause: OHKO moves are banned\n|rule|Evasion Clause: Evasion abilities, items, and moves are banned\n|rule|Evasion Abilities Clause: Evasion abilities are banned\n|rule|Evasion Items Clause: Evasion items are banned\n|rule|Evasion Moves Clause: Evasion moves are banned\n|rule|Endless Battle Clause: Forcing endless battles is banned\n|rule|HP Percentage Mod: HP is shown in percentages\n|clearpoke\n|poke|p1|Jolteon-Prime, M|\n|poke|p1|Pachirisu, F|\n|poke|p2|Rillaboom, M|\n|teampreview\n|\n|t:|1762745734\n|teamsize|p1|2\n|teamsize|p2|1\n|start\n|switch|p1a: Jolteon-Prime|Jolteon-Prime, M|100/100\n|switch|p2a: Rillaboom|Rillaboom, M|100/100\n|-fieldstart|move: Grassy Terrain|[from] ability: Grassy Surge|[of] p2a: Rillaboom\n|turn|1\n|\n|t:|1762745741\n|move|p1a: Jolteon-Prime|No Retreat|p1a: Jolteon-Prime\n|-boost|p1a: Jolteon-Prime|atk|1\n|-boost|p1a: Jolteon-Prime|def|1\n|-boost|p1a: Jolteon-Prime|spa|1\n|-boost|p1a: Jolteon-Prime|spd|1\n|-boost|p1a: Jolteon-Prime|spe|1\n|-start|p1a: Jolteon-Prime|move: No Retreat\n|move|p2a: Rillaboom|Bulk Up|p2a: Rillaboom\n|-boost|p2a: Rillaboom|atk|1\n|-boost|p2a: Rillaboom|def|1\n|\n|upkeep\n|turn|2\n|\n|t:|1762745748\n|move|p1a: Jolteon-Prime|Volt Switch|p2a: Rillaboom\n|-resisted|p2a: Rillaboom\n|-damage|p2a: Rillaboom|51/100\n|\n|t:|1762745752\n|switch|p1a: Pachirisu|Pachirisu, F|100/100|[from] Volt Switch\n|move|p2a: Rillaboom|Bulk Up|p2a: Rillaboom\n|-boost|p2a: Rillaboom|atk|1\n|-boost|p2a: Rillaboom|def|1\n|\n|-heal|p2a: Rillaboom|57/100|[from] Grassy Terrain\n|-heal|p2a: Rillaboom|63/100|[from] item: Leftovers\n|-damage|p1a: Pachirisu|88/100|[from] item: Black Sludge\n|upkeep\n|turn|3\n|-message|gamer1234d forfeited.\n|\n|win|MastersHideout\n","players":["MastersHideout","gamer1234d"],"format":"[Gen 9] NatDex Draft","rating":null,"private":0,"password":null,"inputlog":">version f63a4403f452e5d1b27b613872ec60ec6a0ba185\n>start {\"formatid\":\"gen9natdexdraft\",\"seed\":\"sodium,3257146975f5f10e90256c89b144981c\"}\n>player p1 {\"name\":\"MastersHideout\",\"avatar\":\"101\",\"team\":\"Jolteon-Prime||HeavyDutyBoots|Transistor|VoltSwitch,Thunderbolt,Boomburst,NoRetreat|Timid|,,,252,4,252|M|,0,,,,|||,,,,,Electric]Pachirisu||BlackSludge|RunAway|Agility,Encore,GrassKnot,GunkShot|Lonely|,252,,4,,252|F||||0,,,,,Electric\",\"rating\":0}\n>player p2 {\"name\":\"gamer1234d\",\"avatar\":\"265\",\"team\":\"Rillaboom||Leftovers|GrassySurge|Acrobatics,BodySlam,BulkUp,Boomburst|Naive|,252,,4,,252|M||||,,,,,Grass\",\"rating\":0}\n>p1 team 1, 2\n>p2 team 1\n>p1 move noretreat\n>p2 move bulkup\n>p1 move voltswitch\n>p2 move bulkup\n>p1 switch 2\n>forcelose p2","uploadtime":1762745778}