{"id":"gen9natdexdraft-211","log":"|j|☆john961\n|j|☆ElysianSoul222\n|t:|1762118399\n|gametype|singles\n|player|p1|john961|miku-flying|\n|player|p2|ElysianSoul222|skierf|\n|gen|9\n|tier|[Gen 9] NatDex Draft\n|rule|Tera Type Preview: Tera Types are shown at Team Preview\n|rule|Sleep Clause Mod: Limit one foe put to sleep\n|rule|OHKO Clause: OHKO moves are banned\n|rule|Evasion Clause: Evasion abilities, items, and moves are banned\n|rule|Evasion Abilities Clause: Evasion abilities are banned\n|rule|Evasion Items Clause: Evasion items are banned\n|rule|Evasion Moves Clause: Evasion moves are banned\n|rule|Endless Battle Clause: Forcing endless battles is banned\n|rule|HP Percentage Mod: HP is shown in percentages\n|raw|<div class=\"infobox\"><details class=\"readmore\" open><summary><strong>1 custom rule:</strong></summary> Tera Type Preview</details></div>\n|clearpoke\n|poke|p1|Paleogeist, F|\n|poke|p1|Togekiss, F|\n|poke|p1|Amoonguss, M|\n|poke|p1|Iron Gear, F|\n|poke|p1|Iron Pixel, F|\n|poke|p1|Hydreigon, M|\n|poke|p2|Flutter Lame, F|\n|poke|p2|Celebi-Hell, F|\n|poke|p2|Zapdos|\n|poke|p2|Blaziken, M|\n|poke|p2|Pecharunt|\n|poke|p2|Krookodile, M|\n|raw|john961's Tera Types:<br /><psicon pokemon=\"paleogeist\" /><psicon type=\"Ground\" /> / <psicon pokemon=\"togekiss\" /><psicon type=\"Fairy\" /> / <psicon pokemon=\"amoonguss\" /><psicon type=\"Grass\" /> / <psicon pokemon=\"irongear\" /><psicon type=\"Psychic\" /> / <psicon pokemon=\"ironpixel\" /><psicon type=\"Poison\" /> / <psicon pokemon=\"hydreigon\" /><psicon type=\"Dark\" />\n|raw|ElysianSoul222's Tera Types:<br /><psicon pokemon=\"flutterlame\" /><psicon type=\"Poison\" /> / <psicon pokemon=\"celebihell\" /><psicon type=\"Steel\" /> / <psicon pokemon=\"zapdos\" /><psicon type=\"Electric\" /> / <psicon pokemon=\"blaziken\" /><psicon type=\"Ground\" /> / <psicon pokemon=\"pecharunt\" /><psicon type=\"Poison\" /> / <psicon pokemon=\"krookodile\" /><psicon type=\"Ground\" />\n|teampreview\n|c|☆ElysianSoul222|hf\n|c|☆john961|glhf\n|\n|t:|1762118434\n|teamsize|p1|6\n|teamsize|p2|6\n|start\n|switch|p1a: Sussy Baka|Amoonguss, M|100/100\n|switch|p2a: Zapdos|Zapdos, shiny|100/100\n|turn|1\n|\n|t:|1762118464\n|detailschange|p1a: Sussy Baka|Amoonguss-Mega, M\n|-mega|p1a: Sussy Baka|Amoonguss|Vent\n|move|p2a: Zapdos|Hurricane|p1a: Sussy Baka\n|-supereffective|p1a: Sussy Baka\n|-damage|p1a: Sussy Baka|32/100\n|move|p1a: Sussy Baka|Spore|p2a: Zapdos\n|-status|p2a: Zapdos|slp|[from] move: Spore\n|\n|-activate|p1a: Sussy Baka|ability: Ejected\n|upkeep\n|\n|t:|1762118503\n|-heal|p1a: Sussy Baka|52/100|[from] ability: Ejected\n|switch|p1a: Metal Gear|Iron Gear, F|100/100\n|-enditem|p1a: Metal Gear|Booster Energy\n|-activate|p1a: Metal Gear|ability: Quark Drive|[fromitem]\n|-start|p1a: Metal Gear|quarkdrivespe\n|turn|2\n|\n|t:|1762118554\n|switch|p2a: Celebi-Hell|Celebi-Hell, F, shiny|100/100\n|move|p1a: Metal Gear|Calm Mind|p1a: Metal Gear\n|-boost|p1a: Metal Gear|spa|1\n|-boost|p1a: Metal Gear|spd|1\n|\n|upkeep\n|turn|3\n|\n|t:|1762118565\n|move|p1a: Metal Gear|Flash Cannon|p2a: Celebi-Hell\n|-damage|p2a: Celebi-Hell|63/100\n|move|p2a: Celebi-Hell|Hidden Power|p1a: Metal Gear\n|-supereffective|p1a: Metal Gear\n|-damage|p1a: Metal Gear|73/100\n|\n|-heal|p2a: Celebi-Hell|69/100|[from] item: Leftovers\n|upkeep\n|turn|4\n|\n|t:|1762118583\n|move|p1a: Metal Gear|Calm Mind|p1a: Metal Gear\n|-boost|p1a: Metal Gear|spa|1\n|-boost|p1a: Metal Gear|spd|1\n|move|p2a: Celebi-Hell|Hidden Power|p1a: Metal Gear\n|-supereffective|p1a: Metal Gear\n|-damage|p1a: Metal Gear|53/100\n|\n|-heal|p2a: Celebi-Hell|75/100|[from] item: Leftovers\n|upkeep\n|turn|5\n|\n|t:|1762118590\n|move|p1a: Metal Gear|Recover|p1a: Metal Gear\n|-heal|p1a: Metal Gear|100/100\n|move|p2a: Celebi-Hell|Hidden Power|p1a: Metal Gear\n|-supereffective|p1a: Metal Gear\n|-damage|p1a: Metal Gear|82/100\n|\n|-heal|p2a: Celebi-Hell|81/100|[from] item: Leftovers\n|upkeep\n|turn|6\n|\n|t:|1762118598\n|move|p1a: Metal Gear|Calm Mind|p1a: Metal Gear\n|-boost|p1a: Metal Gear|spa|1\n|-boost|p1a: Metal Gear|spd|1\n|move|p2a: Celebi-Hell|U-turn|p1a: Metal Gear\n|-damage|p1a: Metal Gear|62/100\n|\n|t:|1762118616\n|switch|p2a: Krookodile|Krookodile, M, shiny|100/100|[from] U-turn\n|-ability|p2a: Krookodile|Intimidate|boost\n|-unboost|p1a: Metal Gear|atk|1\n|\n|upkeep\n|turn|7\n|\n|t:|1762118622\n|move|p1a: Metal Gear|Flash Cannon|p2a: Krookodile\n|-damage|p2a: Krookodile|0 fnt\n|faint|p2a: Krookodile\n|\n|upkeep\n|\n|t:|1762118658\n|switch|p2a: Blaziken|Blaziken, M, shiny|100/100\n|turn|8\n|\n|t:|1762118668\n|-terastallize|p2a: Blaziken|Ground\n|move|p1a: Metal Gear|Psychic|p2a: Blaziken\n|-damage|p2a: Blaziken|0 fnt\n|faint|p2a: Blaziken\n|\n|upkeep\n|\n|t:|1762118672\n|switch|p2a: Flutter Lame|Flutter Lame, F, shiny|100/100\n|turn|9\n|\n|t:|1762118676\n|move|p1a: Metal Gear|Flash Cannon|p2a: Flutter Lame\n|-supereffective|p2a: Flutter Lame\n|-crit|p2a: Flutter Lame\n|-damage|p2a: Flutter Lame|0 fnt\n|faint|p2a: Flutter Lame\n|-end|p2a: Flutter Lame|Protosynthesis|[silent]\n|\n|upkeep\n|c|☆ElysianSoul222|gg\n|\n|t:|1762118682\n|switch|p2a: Pecharunt|Pecharunt|100/100\n|turn|10\n|\n|t:|1762118685\n|move|p1a: Metal Gear|Psychic|p2a: Pecharunt\n|-supereffective|p2a: Pecharunt\n|-damage|p2a: Pecharunt|0 fnt\n|faint|p2a: Pecharunt\n|\n|upkeep\n|\n|t:|1762118688\n|switch|p2a: Celebi-Hell|Celebi-Hell, F, shiny|81/100\n|turn|11\n|\n|t:|1762118690\n|move|p1a: Metal Gear|Flash Cannon|p2a: Celebi-Hell\n|-damage|p2a: Celebi-Hell|15/100\n|move|p2a: Celebi-Hell|Hidden Power|p1a: Metal Gear\n|-supereffective|p1a: Metal Gear\n|-damage|p1a: Metal Gear|45/100\n|\n|-heal|p2a: Celebi-Hell|21/100|[from] item: Leftovers\n|upkeep\n|turn|12\n|\n|t:|1762118699\n|move|p1a: Metal Gear|Psychic|p2a: Celebi-Hell\n|-resisted|p2a: Celebi-Hell\n|-damage|p2a: Celebi-Hell|0 fnt\n|faint|p2a: Celebi-Hell\n|\n|upkeep\n|\n|t:|1762118702\n|switch|p2a: Zapdos|Zapdos, shiny|100/100 slp\n|turn|13\n|\n|t:|1762118705\n|move|p1a: Metal Gear|Psychic|p2a: Zapdos\n|-damage|p2a: Zapdos|0 fnt\n|faint|p2a: Zapdos\n|\n|win|john961\n|c|☆john961|gg\n","players":["john961","ElysianSoul222"],"format":"[Gen 9] NatDex Draft","rating":null,"private":1,"password":"tdqo8ult76sel17jyi0ii7qywycpond","inputlog":">version 2352b00944e7462b49311a255b814d2e23110915\n>start {\"formatid\":\"gen9natdexdraft@@@Tera Type Preview\",\"seed\":\"sodium,14b4e25889edf4650dade80e1b06ee7c\"}\n>player p1 {\"name\":\"john961\",\"avatar\":\"miku-flying\",\"team\":\"William Afton|Paleogeist|Leftovers|SheerWillpower|RockWrecker,Earthquake,SlackOff,SwordsDance|Impish|248,8,252,,,|F||S||,,,,,Ground]Eggsman|Togekiss|WacanBerry|SereneGrace|AirSlash,Defog,Roost,Toxic|Calm|248,,8,,252,|F|,0,,,,|||,,,,,Fairy]Sussy Baka|Amoonguss|Vent|Regenerator|GigaDrain,SludgeBomb,Synthesis,Spore|Calm|248,,8,,252,|M|,0,,,,|||,,,,,Grass]Metal Gear|IronGear|BoosterEnergy|QuarkDrive|Psychic,FlashCannon,CalmMind,Recover|Timid|24,,,228,4,252|F|,0,,,,|||,,,,,Psychic]Grown Ups|IronPixel|ChoiceScarf|QuarkDrive|SludgeWave,Thunderbolt,EnergyBall,VoltSwitch|Modest|88,,4,252,,164|F|,0,,,,|||,,,,,Poison]Ghidorha|Hydreigon|ChopleBerry|Levitate|DracoMeteor,DarkPulse,Roost,ThunderWave|Bold|248,,252,,8,|M|,0,,,,|||,,,,,Dark\",\"rating\":0}\n>player p2 {\"name\":\"ElysianSoul222\",\"avatar\":\"skierf\",\"team\":\"Flutter Lame||Leftovers|Protosynthesis|CalmMind,Moonblast,ShadowBall,Substitute|Timid|184,,,84,,240|F|,0,,,,|S||,,,,,Poison]Celebi-Hell||Leftovers|MotorDrive|RapidSpin,Recover,Uturn,HiddenPowerGround|Sassy|252,,4,,252,|F|,,,30,30,|S||,Ground,,,,Steel]Zapdos||HeavyDutyBoots|Static|Uturn,Hurricane,Discharge,Roost|Modest|248,,20,112,32,96|N||S||,,,,,Electric]Blaziken||Leftovers|SpeedBoost|SwordsDance,CloseCombat,FlareBlitz,Earthquake|Adamant|,252,4,,4,248|M||S||,,,,,Ground]Pecharunt||BlackSludge|PoisonPuppeteer|Recover,PartingShot,ShadowBall,SludgeBomb|Relaxed|252,,220,,36,|N|,0,,,,17|||,,,,,Poison]Krookodile||Leftovers|Intimidate|StealthRock,KnockOff,Earthquake,Toxic|Adamant|248,,,,100,160|M||S||,,,,,Ground\",\"rating\":0}\n>chat ☆ElysianSoul222|hf\n>chat ☆john961|glhf\n>p1 team 3, 2, 1, 4, 5, 6\n>p2 team 3, 2, 1, 4, 5, 6\n>p1 move spore mega\n>p2 move hurricane\n>p1 switch 4\n>p1 move calmmind\n>p2 switch 2\n>p1 move flashcannon\n>p2 move hiddenpower\n>p1 move calmmind\n>p2 move hiddenpower\n>p1 move recover\n>p2 move hiddenpower\n>p1 move calmmind\n>p2 move uturn\n>p2 switch 6\n>p1 move flashcannon\n>p2 move earthquake\n>p2 switch 4\n>p1 move psychic\n>p2 move earthquake terastallize\n>p2 switch 3\n>p1 move flashcannon\n>p2 move shadowball\n>chat ☆ElysianSoul222|gg\n>p2 switch 5\n>p1 move psychic\n>p2 move shadowball\n>p2 switch 6\n>p1 move flashcannon\n>p2 move hiddenpower\n>p1 move psychic\n>p2 move hiddenpower\n>p2 switch 2\n>p1 move psychic\n>p2 move discharge","uploadtime":1762118711}