{"id":"gen9natdexdraft-273","log":"|j|☆Life's Hell\n|j|☆lols/bolt strika\n|t:|1762735940\n|gametype|singles\n|player|p1|Life's Hell|jasmine|\n|player|p2|lols/bolt strika|caitlin|\n|gen|9\n|tier|[Gen 9] NatDex Draft\n|rule|Tera Type Preview: Tera Types are shown at Team Preview\n|rule|Sleep Clause Mod: Limit one foe put to sleep\n|rule|OHKO Clause: OHKO moves are banned\n|rule|Evasion Clause: Evasion abilities, items, and moves are banned\n|rule|Evasion Abilities Clause: Evasion abilities are banned\n|rule|Evasion Items Clause: Evasion items are banned\n|rule|Evasion Moves Clause: Evasion moves are banned\n|rule|Endless Battle Clause: Forcing endless battles is banned\n|rule|HP Percentage Mod: HP is shown in percentages\n|raw|<div class=\"infobox\"><details class=\"readmore\" open><summary><strong>1 custom rule:</strong></summary> Tera Type Preview</details></div>\n|clearpoke\n|poke|p1|Slicing Segment, F|\n|poke|p1|Roserade-Hell, F|\n|poke|p1|Kabuyeti-Bonfire, M|\n|poke|p1|Diamoneye, M|\n|poke|p1|Dhelmise|\n|poke|p1|Milotic-Hell, F|\n|poke|p2|Elecprobe|\n|poke|p2|Gholdengo-Sea, M|\n|poke|p2|Ting-Lu|\n|poke|p2|Altaria-Hell, F|\n|poke|p2|Jirachi|\n|poke|p2|Mandibuzz, F|\n|raw|Life's Hell's Tera Types:<br /><psicon pokemon=\"slicingsegment\" /><psicon type=\"Fairy\" /> / <psicon pokemon=\"roseradehell\" /><psicon type=\"Dark\" /> / <psicon pokemon=\"kabuyetibonfire\" /><psicon type=\"Ice\" /> / <psicon pokemon=\"diamoneye\" /><psicon type=\"Ghost\" /> / <psicon pokemon=\"dhelmise\" /><psicon type=\"Ghost\" /> / <psicon pokemon=\"milotichell\" /><psicon type=\"Dragon\" />\n|raw|lols/bolt strika's Tera Types:<br /><psicon pokemon=\"elecprobe\" /><psicon type=\"Fire\" /> / <psicon pokemon=\"gholdengosea\" /><psicon type=\"Ghost\" /> / <psicon pokemon=\"tinglu\" /><psicon type=\"Dark\" /> / <psicon pokemon=\"altariahell\" /><psicon type=\"Fire\" /> / <psicon pokemon=\"jirachi\" /><psicon type=\"Steel\" /> / <psicon pokemon=\"mandibuzz\" /><psicon type=\"Dark\" />\n|teampreview\n|c|☆Life's Hell|glhf\n|c|☆lols/bolt strika|u2\n|\n|t:|1762735981\n|teamsize|p1|6\n|teamsize|p2|6\n|start\n|switch|p1a: Slicing Segment|Slicing Segment, F, shiny|100/100\n|switch|p2a: Oceanus|Gholdengo-Sea, M, shiny|100/100\n|-enditem|p1a: Slicing Segment|Booster Energy\n|-activate|p1a: Slicing Segment|ability: Protosynthesis|[fromitem]\n|-start|p1a: Slicing Segment|protosynthesisspe\n|turn|1\n|\n|t:|1762736008\n|move|p1a: Slicing Segment|Swords Dance|p1a: Slicing Segment\n|-boost|p1a: Slicing Segment|atk|2\n|move|p2a: Oceanus|Shadow Ball|p1a: Slicing Segment\n|-damage|p1a: Slicing Segment|66/100\n|-unboost|p1a: Slicing Segment|spd|1\n|\n|upkeep\n|turn|2\n|\n|t:|1762736094\n|move|p1a: Slicing Segment|Swords Dance|p1a: Slicing Segment\n|-boost|p1a: Slicing Segment|atk|2\n|move|p2a: Oceanus|Shadow Ball|p1a: Slicing Segment\n|-damage|p1a: Slicing Segment|16/100\n|\n|upkeep\n|turn|3\n|\n|t:|1762736111\n|-terastallize|p1a: Slicing Segment|Fairy\n|move|p1a: Slicing Segment|Tera Blast|p2a: Oceanus|[anim] Tera Blast Fairy\n|-damage|p2a: Oceanus|0 fnt\n|faint|p2a: Oceanus\n|\n|upkeep\n|\n|t:|1762736142\n|switch|p2a: Demeter|Elecprobe, shiny|100/100\n|turn|4\n|\n|t:|1762736146\n|move|p1a: Slicing Segment|Leech Life|p2a: Demeter\n|-supereffective|p2a: Demeter\n|-damage|p2a: Demeter|0 fnt\n|-heal|p1a: Slicing Segment|53/100|[from] drain|[of] p2a: Demeter\n|faint|p2a: Demeter\n|\n|upkeep\n|c|☆lols/bolt strika|sigh\n|c|☆lols/bolt strika|this mon shouldnt be able to tera :((\n|\n|t:|1762736167\n|switch|p2a: Athena|Jirachi, shiny|100/100\n|turn|5\n|\n|t:|1762736172\n|move|p1a: Slicing Segment|Earthquake|p2a: Athena\n|-supereffective|p2a: Athena\n|-damage|p2a: Athena|0 fnt\n|faint|p2a: Athena\n|\n|upkeep\n|\n|t:|1762736179\n|switch|p2a: Aphrodite|Altaria-Hell, F, shiny|100/100\n|turn|6\n|\n|t:|1762736215\n|move|p1a: Slicing Segment|Earthquake|p2a: Aphrodite\n|-immune|p2a: Aphrodite\n|move|p2a: Aphrodite|Agility|p2a: Aphrodite\n|-boost|p2a: Aphrodite|spe|2\n|\n|upkeep\n|turn|7\n|\n|t:|1762736226\n|detailschange|p2a: Aphrodite|Altaria-Hell-Mega, F, shiny\n|-mega|p2a: Aphrodite|Altaria-Hell|Altarite HELL\n|move|p2a: Aphrodite|Flare Blitz|p1a: Slicing Segment\n|-damage|p1a: Slicing Segment|0 fnt\n|faint|p1a: Slicing Segment\n|-end|p1a: Slicing Segment|Protosynthesis|[silent]\n|\n|upkeep\n|\n|t:|1762736231\n|switch|p1a: Milotic-Hell|Milotic-Hell, F, shiny|100/100\n|turn|8\n|\n|t:|1762736234\n|move|p2a: Aphrodite|Play Rough|p1a: Milotic-Hell\n|-supereffective|p1a: Milotic-Hell\n|-damage|p1a: Milotic-Hell|30/100\n|move|p1a: Milotic-Hell|Toxic|p2a: Aphrodite\n|-status|p2a: Aphrodite|tox\n|\n|-status|p1a: Milotic-Hell|brn|[from] item: Flame Orb\n|upkeep\n|turn|9\n|\n|t:|1762736249\n|switch|p1a: Dhelmise|Dhelmise, shiny|100/100\n|move|p2a: Aphrodite|Play Rough|p1a: Dhelmise\n|-damage|p1a: Dhelmise|57/100\n|\n|upkeep\n|turn|10\n|\n|t:|1762736258\n|move|p2a: Aphrodite|Flare Blitz|p1a: Dhelmise\n|-supereffective|p1a: Dhelmise\n|-damage|p1a: Dhelmise|0 fnt\n|faint|p1a: Dhelmise\n|\n|upkeep\n|\n|t:|1762736267\n|switch|p1a: Roserade-Hell|Roserade-Hell, F, shiny|100/100\n|turn|11\n|\n|t:|1762736275\n|move|p2a: Aphrodite|Play Rough|p1a: Roserade-Hell\n|-supereffective|p1a: Roserade-Hell\n|-damage|p1a: Roserade-Hell|0 fnt\n|faint|p1a: Roserade-Hell\n|\n|upkeep\n|\n|t:|1762736278\n|switch|p1a: Kabuyeti-Bonfire|Kabuyeti-Bonfire, M, shiny|100/100\n|turn|12\n|c|☆Life's Hell|ggs\n|\n|t:|1762736283\n|move|p2a: Aphrodite|Earthquake|p1a: Kabuyeti-Bonfire\n|-supereffective|p1a: Kabuyeti-Bonfire\n|-damage|p1a: Kabuyeti-Bonfire|0 fnt\n|faint|p1a: Kabuyeti-Bonfire\n|\n|upkeep\n|\n|t:|1762736285\n|switch|p1a: Diamoneye|Diamoneye, M, shiny|100/100\n|turn|13\n|\n|t:|1762736288\n|move|p2a: Aphrodite|Flare Blitz|p1a: Diamoneye\n|-damage|p1a: Diamoneye|27/100\n|-enditem|p1a: Diamoneye|Sitrus Berry|[eat]\n|-heal|p1a: Diamoneye|52/100|[from] item: Sitrus Berry\n|move|p1a: Diamoneye|Throat Chop|p2a: Aphrodite\n|-resisted|p2a: Aphrodite\n|-damage|p2a: Aphrodite|85/100 tox\n|-start|p2a: Aphrodite|Throat Chop|[silent]\n|\n|upkeep\n|turn|14\n|\n|t:|1762736290\n|move|p2a: Aphrodite|Flare Blitz|p1a: Diamoneye\n|-damage|p1a: Diamoneye|0 fnt\n|faint|p1a: Diamoneye\n|\n|-end|p2a: Aphrodite|Throat Chop|[silent]\n|upkeep\n|\n|t:|1762736292\n|switch|p1a: Milotic-Hell|Milotic-Hell, F, shiny|30/100 brn\n|turn|15\n|\n|t:|1762736294\n|move|p2a: Aphrodite|Play Rough|p1a: Milotic-Hell\n|-supereffective|p1a: Milotic-Hell\n|-damage|p1a: Milotic-Hell|0 fnt\n|faint|p1a: Milotic-Hell\n|\n|win|lols/bolt strika\n|l|☆Life's Hell\n|player|p1|\n|j|☆Life's Hell\n|player|p1|Life's Hell|jasmine|\n|c|☆lols/bolt strika|ggs\n","players":["Life's Hell","lols/bolt strika"],"format":"[Gen 9] NatDex Draft","rating":null,"private":1,"password":"aiqwqxx8a48gq5dcnghbp38e256egow","inputlog":">version 86b94027df729f8311ea614aef867a7d6d91e655\n>start {\"formatid\":\"gen9natdexdraft@@@Tera Type Preview\",\"seed\":\"sodium,79d498fb815e0c422f04c18dcad00bc1\"}\n>player p1 {\"name\":\"Life's Hell\",\"avatar\":\"jasmine\",\"team\":\"Slicing Segment||BoosterEnergy|Protosynthesis|SwordsDance,TeraBlast,Earthquake,LeechLife|Jolly|,4,,,252,252|F||S||,,,,,Fairy]Roserade-Hell||ToxicOrb|PoisonHeal|Switcheroo,PartingShot,Moonblast,ShadowBall|Timid|48,,,252,,208|F|,0,,,,|S||,,,,,Dark]Kabuyeti-Bonfire||PunchingGlove|IronFist|IcePunch,FirePunch,DrainPunch,Uturn|Jolly|,252,4,,,252|M||S||,,,,,Ice]Diamoneye||SitrusBerry|Pickpocket|Taunt,BulkUp,ThroatChop,DrainPunch|Jolly|248,,20,,,240|M||S||,,,,,Ghost]Dhelmise||AssaultVest|Steelworker|GigaDrain,ShadowBall,HiddenPowerIce,RapidSpin|Modest|248,,52,104,104,|N|,0,,,,|S||,Ice,,,,Ghost]Milotic-Hell||FlameOrb|MarvelScale|Rest,Toxic,Surf,DragonTail|Bold|248,,252,,8,|F||S||,,,,,Dragon\",\"rating\":0}\n>player p2 {\"name\":\"lols/bolt strika\",\"avatar\":\"caitlin\",\"team\":\"Demeter|Elecprobe|HeavyDutyBoots|Static|TeraBlast,VoltSwitch,GigaDrain,NastyPlot|Timid|8,,92,240,32,136|N||S||,,,,,Fire]Oceanus|GholdengoSea|ChoiceScarf|GoodasGold|FlipTurn,IceBeam,ShadowBall,HydroPump|Timid|8,,60,220,12,208|M||S||,,,,,Ghost]Gaia|TingLu|Leftovers|VesselofRuin|Earthquake,Spikes,Ruination,Whirlwind|Careful|4,12,240,,252,|N||||,,,,,Dark]Aphrodite|AltariaHell|AltariteHELL|NaturalCure|Agility,FlareBlitz,PlayRough,Earthquake|Adamant|8,160,96,,8,236|F||S||,,,,,Fire]Athena|Jirachi|Leftovers|SereneGrace|StealthRock,Uturn,ThunderWave,IronHead|Careful|244,8,40,,216,|N||S||,,,,,Steel]Persephone|Mandibuzz|HeavyDutyBoots|Overcoat|FoulPlay,Roost,Defog,Uturn|Impish|248,,240,,20,|F||S||,,,,,Dark\",\"rating\":0}\n>chat ☆Life's Hell|glhf\n>chat ☆lols/bolt strika|u2\n>p1 team 1, 2, 3, 4, 5, 6\n>p2 team 2, 1, 3, 4, 5, 6\n>p1 move swordsdance\n>p2 move shadowball\n>p1 move swordsdance\n>p2 move shadowball\n>p1 move terablast terastallize\n>p2 move shadowball\n>p2 switch 2\n>p1 move leechlife\n>p2 move gigadrain\n>chat ☆lols/bolt strika|sigh\n>chat ☆lols/bolt strika|this mon shouldnt be able to tera :((\n>p2 switch 5\n>p1 move earthquake\n>p2 move thunderwave\n>p2 switch 4\n>p1 move earthquake\n>p2 move agility\n>p1 move leechlife\n>p2 move flareblitz mega\n>p1 switch 6\n>p1 move toxic\n>p2 move playrough\n>p1 switch 5\n>p2 move playrough\n>p1 move shadowball\n>p2 move flareblitz\n>p1 switch 2\n>p1 move moonblast\n>p2 move playrough\n>p1 switch 3\n>chat ☆Life's Hell|ggs\n>p1 move icepunch\n>p2 move earthquake\n>p1 switch 4\n>p1 move throatchop\n>p2 move flareblitz\n>p1 move throatchop\n>p2 move flareblitz\n>p1 switch 5\n>p1 move surf\n>p2 move playrough","uploadtime":1762736305}