{"id":"gen9natdexdraft-63","log":"|j|☆ElysianSoul222\n|j|☆testingooooo\n|t:|1760213388\n|gametype|singles\n|player|p1|ElysianSoul222|skierf|\n|player|p2|testingooooo|2|\n|gen|9\n|tier|[Gen 9] NatDex Draft\n|rule|Tera Type Preview: Tera Types are shown at Team Preview\n|rule|Sleep Clause Mod: Limit one foe put to sleep\n|rule|OHKO Clause: OHKO moves are banned\n|rule|Evasion Clause: Evasion abilities, items, and moves are banned\n|rule|Evasion Abilities Clause: Evasion abilities are banned\n|rule|Evasion Items Clause: Evasion items are banned\n|rule|Evasion Moves Clause: Evasion moves are banned\n|rule|Endless Battle Clause: Forcing endless battles is banned\n|rule|HP Percentage Mod: HP is shown in percentages\n|raw|<div class=\"infobox\"><details class=\"readmore\" open><summary><strong>1 custom rule:</strong></summary> Tera Type Preview</details></div>\n|clearpoke\n|poke|p1|Howling Flare, F|\n|poke|p1|Corviknight, M|\n|poke|p1|Palossand, F|\n|poke|p1|Weezing-Galar, F|\n|poke|p1|Necrozma|\n|poke|p1|Wigglytough, F|\n|poke|p2|Elecprobe|\n|poke|p2|Tauros-Paldea-Blaze, M|\n|poke|p2|Tyrantrum, M|\n|poke|p2|Tentacruel, M|\n|poke|p2|Gloomhorn, F|\n|poke|p2|Wild Wind, M|\n|raw|ElysianSoul222's Tera Types:<br /><psicon pokemon=\"howlingflare\" /><psicon type=\"Grass\" /> / <psicon pokemon=\"corviknight\" /><psicon type=\"Flying\" /> / <psicon pokemon=\"palossand\" /><psicon type=\"Ghost\" /> / <psicon pokemon=\"weezinggalar\" /><psicon type=\"Poison\" /> / <psicon pokemon=\"necrozma\" /><psicon type=\"Fairy\" /> / <psicon pokemon=\"wigglytough\" /><psicon type=\"Normal\" />\n|raw|testingooooo's Tera Types:<br /><psicon pokemon=\"elecprobe\" /><psicon type=\"Electric\" /> / <psicon pokemon=\"taurospaldeablaze\" /><psicon type=\"Fighting\" /> / <psicon pokemon=\"tyrantrum\" /><psicon type=\"Rock\" /> / <psicon pokemon=\"tentacruel\" /><psicon type=\"Water\" /> / <psicon pokemon=\"gloomhorn\" /><psicon type=\"Dark\" /> / <psicon pokemon=\"wildwind\" /><psicon type=\"Fairy\" />\n|teampreview\n|c|☆ElysianSoul222|hf\n|c|☆testingooooo|u toooo\n|\n|t:|1760213405\n|teamsize|p1|6\n|teamsize|p2|6\n|start\n|switch|p1a: Palossand|Palossand, F|100/100\n|switch|p2a: Elecprobe|Elecprobe|100/100\n|turn|1\n|c|☆testingooooo|are you rindo\n|c|☆testingooooo|ill cry\n|\n|t:|1760213432\n|move|p2a: Elecprobe|Nasty Plot|p2a: Elecprobe\n|-boost|p2a: Elecprobe|spa|2\n|move|p1a: Palossand|Stealth Rock|p2a: Elecprobe\n|-sidestart|p2: testingooooo|move: Stealth Rock\n|\n|upkeep\n|turn|2\n|\n|t:|1760213441\n|move|p2a: Elecprobe|Energy Ball|p1a: Palossand\n|-supereffective|p1a: Palossand\n|-damage|p1a: Palossand|0 fnt\n|faint|p1a: Palossand\n|\n|upkeep\n|\n|t:|1760213452\n|switch|p1a: Howling Flare|Howling Flare, F|100/100\n|-enditem|p1a: Howling Flare|Booster Energy\n|-activate|p1a: Howling Flare|ability: Protosynthesis|[fromitem]\n|-start|p1a: Howling Flare|protosynthesisspe\n|turn|3\n|\n|t:|1760213461\n|switch|p2a: Tauros|Tauros-Paldea-Blaze, M|100/100\n|-damage|p2a: Tauros|88/100|[from] Stealth Rock\n|-ability|p2a: Tauros|Intimidate|boost\n|-unboost|p1a: Howling Flare|atk|1\n|move|p1a: Howling Flare|Shadow Claw|p2a: Tauros\n|-damage|p2a: Tauros|74/100\n|\n|upkeep\n|turn|4\n|c|☆ElysianSoul222|this is the big threat\n|c|☆testingooooo|tauros?\n|c|☆ElysianSoul222|the elecprobe\n|c|☆testingooooo|yes it is\n|c|☆testingooooo|only palossand a switch\n|\n|t:|1760213500\n|-end|p1a: Howling Flare|Protosynthesis|[silent]\n|switch|p1a: Weezing|Weezing-Galar, F|100/100\n|-ability|p1a: Weezing|Neutralizing Gas\n|move|p2a: Tauros|Will-O-Wisp|p1a: Weezing|[miss]\n|-miss|p2a: Tauros|p1a: Weezing\n|\n|upkeep\n|turn|5\n|\n|t:|1760213513\n|switch|p2a: Tentacruel|Tentacruel, M|100/100\n|-damage|p2a: Tentacruel|88/100|[from] Stealth Rock\n|move|p1a: Weezing|Strange Steam|p2a: Tentacruel\n|-resisted|p2a: Tentacruel\n|-damage|p2a: Tentacruel|81/100\n|\n|upkeep\n|turn|6\n|\n|t:|1760213524\n|-end|p1a: Weezing|ability: Neutralizing Gas\n|switch|p1a: Howling Flare|Howling Flare, F|100/100\n|move|p2a: Tentacruel|Toxic Spikes|p1a: Howling Flare\n|-sidestart|p1: ElysianSoul222|move: Toxic Spikes\n|\n|upkeep\n|turn|7\n|\n|t:|1760213551\n|switch|p2a: Tauros|Tauros-Paldea-Blaze, M|74/100\n|-damage|p2a: Tauros|62/100|[from] Stealth Rock\n|-ability|p2a: Tauros|Intimidate|boost\n|-unboost|p1a: Howling Flare|atk|1\n|move|p1a: Howling Flare|Swords Dance|p1a: Howling Flare\n|-boost|p1a: Howling Flare|atk|2\n|\n|upkeep\n|turn|8\n|\n|t:|1760213557\n|move|p1a: Howling Flare|Brave Bird|p2a: Tauros\n|-supereffective|p2a: Tauros\n|-damage|p2a: Tauros|0 fnt\n|faint|p2a: Tauros\n|-damage|p1a: Howling Flare|80/100|[from] Recoil\n|\n|upkeep\n|\n|t:|1760213569\n|switch|p2a: Elecprobe|Elecprobe|100/100\n|-damage|p2a: Elecprobe|88/100|[from] Stealth Rock\n|turn|9\n|\n|t:|1760213575\n|move|p2a: Elecprobe|Foul Play|p1a: Howling Flare\n|-supereffective|p1a: Howling Flare\n|-damage|p1a: Howling Flare|0 fnt\n|faint|p1a: Howling Flare\n|-end|p1a: Howling Flare|Protosynthesis|[silent]\n|\n|upkeep\n|c|☆testingooooo|wee'\n|c|☆ElysianSoul222|this is ghost lol\n|c|☆ElysianSoul222|forgot about that\n|\n|t:|1760213588\n|switch|p1a: Weezing|Weezing-Galar, F|100/100\n|-ability|p1a: Weezing|Neutralizing Gas\n|-sideend|p1: ElysianSoul222|move: Toxic Spikes|[of] p1a: Weezing\n|turn|10\n|\n|t:|1760213606\n|-terastallize|p2a: Elecprobe|Electric\n|move|p2a: Elecprobe|Nasty Plot|p2a: Elecprobe\n|-boost|p2a: Elecprobe|spa|2\n|move|p1a: Weezing|Strange Steam|p2a: Elecprobe\n|-damage|p2a: Elecprobe|53/100\n|\n|upkeep\n|turn|11\n|c|☆testingooooo|kinda cooks\n|\n|t:|1760213624\n|move|p2a: Elecprobe|Electro Drift|p1a: Weezing\n|-damage|p1a: Weezing|0 fnt\n|-damage|p2a: Elecprobe|37/100|[from] item: Rocky Helmet|[of] p1a: Weezing\n|faint|p1a: Weezing\n|-end|p1a: Weezing|ability: Neutralizing Gas\n|\n|upkeep\n|c|☆testingooooo|why is that contact\n|\n|t:|1760213650\n|switch|p1a: Wigglytuff|Wigglytough, F|100/100\n|turn|12\n|c|☆ElysianSoul222|yeah electro drift is contact\n|c|☆ElysianSoul222|wait\n|c|☆ElysianSoul222|oh god\n|c|☆testingooooo|hmm?\n|c|☆ElysianSoul222|please don't be this lol\n|\n|t:|1760213690\n|switch|p2a: Tentacruel|Tentacruel, M|81/100\n|-damage|p2a: Tentacruel|68/100|[from] Stealth Rock\n|move|p1a: Wigglytuff|Alluring Voice|p2a: Tentacruel\n|-resisted|p2a: Tentacruel\n|-damage|p2a: Tentacruel|58/100\n|\n|upkeep\n|turn|13\n|\n|t:|1760213699\n|move|p2a: Tentacruel|Toxic Spikes|p1a: Wigglytuff\n|-sidestart|p1: ElysianSoul222|move: Toxic Spikes\n|move|p1a: Wigglytuff|Calm Mind|p1a: Wigglytuff\n|-boost|p1a: Wigglytuff|spa|1\n|-boost|p1a: Wigglytuff|spd|1\n|\n|upkeep\n|turn|14\n|\n|t:|1760213704\n|move|p2a: Tentacruel|Haze|p2a: Tentacruel\n|-clearallboost\n|move|p1a: Wigglytuff|Thunderbolt|p2a: Tentacruel\n|-supereffective|p2a: Tentacruel\n|-damage|p2a: Tentacruel|27/100\n|\n|upkeep\n|turn|15\n|\n|t:|1760213708\n|move|p2a: Tentacruel|Surf|p1a: Wigglytuff\n|-damage|p1a: Wigglytuff|82/100\n|move|p1a: Wigglytuff|Thunderbolt|p2a: Tentacruel\n|-supereffective|p2a: Tentacruel\n|-damage|p2a: Tentacruel|0 fnt\n|faint|p2a: Tentacruel\n|\n|-heal|p1a: Wigglytuff|88/100|[from] item: Leftovers\n|upkeep\n|\n|t:|1760213729\n|switch|p2a: Gloomhorn|Gloomhorn, F|100/100\n|-damage|p2a: Gloomhorn|88/100|[from] Stealth Rock\n|turn|16\n|\n|t:|1760213737\n|move|p2a: Gloomhorn|Gunk Shot|p1a: Wigglytuff|[miss]\n|-miss|p2a: Gloomhorn|p1a: Wigglytuff\n|move|p1a: Wigglytuff|Calm Mind|p1a: Wigglytuff\n|-boost|p1a: Wigglytuff|spa|1\n|-boost|p1a: Wigglytuff|spd|1\n|\n|-heal|p1a: Wigglytuff|94/100|[from] item: Leftovers\n|upkeep\n|turn|17\n|\n|t:|1760213741\n|move|p2a: Gloomhorn|Gunk Shot|p1a: Wigglytuff\n|-supereffective|p1a: Wigglytuff\n|-damage|p1a: Wigglytuff|19/100\n|move|p1a: Wigglytuff|Alluring Voice|p2a: Gloomhorn\n|-supereffective|p2a: Gloomhorn\n|-damage|p2a: Gloomhorn|0 fnt\n|faint|p2a: Gloomhorn\n|\n|-heal|p1a: Wigglytuff|25/100|[from] item: Leftovers\n|upkeep\n|\n|t:|1760213746\n|switch|p2a: Tyrantrum|Tyrantrum, M|100/100\n|-damage|p2a: Tyrantrum|88/100|[from] Stealth Rock\n|turn|18\n|\n|t:|1760213750\n|detailschange|p2a: Tyrantrum|Tyrantrum-Mega, M\n|-mega|p2a: Tyrantrum|Tyrantrum|Tyrantrumite\n|move|p2a: Tyrantrum|Rock Slide|p1a: Wigglytuff\n|-damage|p1a: Wigglytuff|0 fnt\n|faint|p1a: Wigglytuff\n|\n|upkeep\n|\n|t:|1760213753\n|switch|p1a: Necrozma|Necrozma|100/100\n|-status|p1a: Necrozma|psn\n|turn|19\n|c|☆ElysianSoul222|look tho\n|\n|t:|1760213764\n|switch|p2a: Wild Wind|Wild Wind, M|100/100\n|-damage|p2a: Wild Wind|88/100|[from] Stealth Rock\n|move|p1a: Necrozma|Autotomize|p1a: Necrozma\n|-boost|p1a: Necrozma|spe|2\n|-start|p1a: Necrozma|Autotomize\n|\n|-heal|p2a: Wild Wind|94/100|[from] item: Leftovers\n|-damage|p1a: Necrozma|88/100 psn|[from] psn\n|upkeep\n|turn|20\n|c|☆ElysianSoul222|elecprobe\n|c|☆ElysianSoul222|has soundproof lmao\n|c|☆testingooooo|OH\n|\n|t:|1760213783\n|move|p1a: Necrozma|Heat Wave|p2a: Wild Wind\n|-supereffective|p2a: Wild Wind\n|-damage|p2a: Wild Wind|42/100\n|move|p2a: Wild Wind|Encore|p1a: Necrozma\n|-start|p1a: Necrozma|Encore\n|\n|-heal|p2a: Wild Wind|48/100|[from] item: Leftovers\n|-damage|p1a: Necrozma|76/100 psn|[from] psn\n|upkeep\n|turn|21\n|c|☆testingooooo|for what move\n|c|☆ElysianSoul222|alluring voice\n|c|☆testingooooo|interesting\n|c|☆testingooooo|i was aftermath tho\n|c|☆ElysianSoul222|yeah aftermath makes sense as well\n|\n|t:|1760213814\n|switch|p1a: Corviknight|Corviknight, M|100/100\n|-end|p2a: Wild Wind|Protosynthesis|[silent]\n|switch|p2a: Tyrantrum|Tyrantrum-Mega, M|88/100\n|-damage|p2a: Tyrantrum|76/100|[from] Stealth Rock\n|\n|upkeep\n|turn|22\n|\n|t:|1760213827\n|switch|p2a: Wild Wind|Wild Wind, M|48/100\n|-damage|p2a: Wild Wind|35/100|[from] Stealth Rock\n|detailschange|p1a: Corviknight|Corviknight-Mega, M\n|-mega|p1a: Corviknight|Corviknight|Corviknightite\n|move|p1a: Corviknight|Body Press|p2a: Wild Wind\n|-resisted|p2a: Wild Wind\n|-damage|p2a: Wild Wind|25/100\n|\n|-heal|p2a: Wild Wind|31/100|[from] item: Leftovers\n|upkeep\n|turn|23\n|\n|t:|1760213841\n|move|p2a: Wild Wind|Synthesis|p2a: Wild Wind\n|-heal|p2a: Wild Wind|81/100\n|move|p1a: Corviknight|Air Slash|p2a: Wild Wind\n|-supereffective|p2a: Wild Wind\n|-damage|p2a: Wild Wind|46/100\n|\n|-heal|p2a: Wild Wind|52/100|[from] item: Leftovers\n|upkeep\n|turn|24\n|\n|t:|1760213850\n|move|p2a: Wild Wind|Synthesis|p2a: Wild Wind\n|-heal|p2a: Wild Wind|100/100\n|move|p1a: Corviknight|U-turn|p2a: Wild Wind\n|-damage|p2a: Wild Wind|93/100\n|\n|t:|1760213855\n|switch|p1a: Necrozma|Necrozma|76/100 psn|[from] U-turn\n|\n|-heal|p2a: Wild Wind|99/100|[from] item: Leftovers\n|-damage|p1a: Necrozma|64/100 psn|[from] psn\n|upkeep\n|turn|25\n|\n|t:|1760213867\n|-terastallize|p1a: Necrozma|Fairy\n|move|p2a: Wild Wind|Dire Claw|p1a: Necrozma\n|-supereffective|p1a: Necrozma\n|-damage|p1a: Necrozma|45/100 psn\n|-enditem|p1a: Necrozma|Weakness Policy\n|-boost|p1a: Necrozma|atk|2|[from] item: Weakness Policy\n|-boost|p1a: Necrozma|spa|2|[from] item: Weakness Policy\n|move|p1a: Necrozma|Tera Blast|p2a: Wild Wind|[anim] Tera Blast Fairy\n|-damage|p2a: Wild Wind|33/100\n|\n|-heal|p2a: Wild Wind|40/100|[from] item: Leftovers\n|-damage|p1a: Necrozma|33/100 psn|[from] psn\n|upkeep\n|turn|26\n|c|☆testingooooo|oh god\n|c|☆ElysianSoul222|oh dire claw lol\n|\n|t:|1760213883\n|move|p2a: Wild Wind|Encore|p1a: Necrozma\n|-start|p1a: Necrozma|Encore\n|move|p1a: Necrozma|Tera Blast|p2a: Wild Wind|[anim] Tera Blast Fairy\n|-damage|p2a: Wild Wind|0 fnt\n|faint|p2a: Wild Wind\n|-end|p2a: Wild Wind|Protosynthesis|[silent]\n|\n|-damage|p1a: Necrozma|21/100 psn|[from] psn\n|upkeep\n|c|☆testingooooo|i didnt think it would be that lol\n|\n|t:|1760213891\n|switch|p2a: Elecprobe|Elecprobe, tera:Electric|37/100\n|-damage|p2a: Elecprobe|25/100|[from] Stealth Rock\n|turn|27\n|\n|t:|1760213896\n|move|p2a: Elecprobe|Electro Drift|p1a: Necrozma\n|-crit|p1a: Necrozma\n|-damage|p1a: Necrozma|0 fnt\n|faint|p1a: Necrozma\n|\n|upkeep\n|\n|t:|1760213898\n|switch|p1a: Corviknight|Corviknight-Mega, M|100/100\n|turn|28\n|\n|t:|1760213901\n|move|p2a: Elecprobe|Electro Drift|p1a: Corviknight\n|-supereffective|p1a: Corviknight\n|-damage|p1a: Corviknight|0 fnt\n|faint|p1a: Corviknight\n|detailschange|p1: Corviknight|Corviknight, M|[silent]\n|\n|win|testingooooo\n|c|☆ElysianSoul222|gg\n|c|☆testingooooo|gg\n|c|☆testingooooo|ok discord\n|c|☆ElysianSoul222|ok\n|c|☆ElysianSoul222|/log ElysianSoul222 hid the replay of this battle.\n","players":["ElysianSoul222","testingooooo"],"format":"[Gen 9] NatDex Draft","rating":null,"private":1,"password":"ka5xp2dqpoax42ki78yxbojbtj3d55t","inputlog":">version c5f06566d1a0a24bc6fa6bc2146fd951ef712f76\n>start {\"formatid\":\"gen9natdexdraft@@@Tera Type Preview\",\"seed\":\"sodium,3408f4040f2eceb4ab6c2b7940835cee\"}\n>player p1 {\"name\":\"ElysianSoul222\",\"avatar\":\"skierf\",\"team\":\"Howling Flare||BoosterEnergy|Protosynthesis|SwordsDance,ShadowClaw,LeafBlade,BraveBird|Jolly|,252,8,,,248|F||||,,,,,Grass]Corviknight||Corviknightite|MirrorArmor|BodyPress,Uturn,Roost,AirSlash|Relaxed|248,,252,,8,|M|,,,,,0|||,,,,,Flying]Palossand||Leftovers|WaterCompaction|StealthRock,ShoreUp,EarthPower,HiddenPowerFire|Calm|252,,4,,252,|F|,0,,,,|||,Fire,,,,Ghost]Weezing|WeezingGalar|RockyHelmet|NeutralizingGas|Defog,WillOWisp,StrangeSteam,PainSplit|Bold|248,,252,,8,|F|,0,,,,|||,,,,,Poison]Necrozma||WeaknessPolicy|PrismArmor|Autotomize,TeraBlast,PhotonGeyser,HeatWave|Modest|224,,,252,,32|N||||,,,,,Fairy]Wigglytuff|Wigglytough|Leftovers|NaturalCure|AlluringVoice,Thunderbolt,SoftBoiled,CalmMind|Modest|,,252,,232,24|F|,0,,,,|||,,,,,Normal\",\"rating\":0}\n>player p2 {\"name\":\"testingooooo\",\"avatar\":\"2\",\"team\":\"Elecprobe||Magnet|Aftermath|NastyPlot,FoulPlay,ElectroDrift,EnergyBall|Timid|96,,,252,40,120|N|,0,,,,|||,,,,,Electric]Tauros|TaurosPaldeaBlaze|CustapBerry|Intimidate|WillOWisp,RagingBull,BodyPress,BulkUp|Impish|252,4,252,,,|M||||,,,,,Fighting]Tyrantrum||Tyrantrumite|RockHead|DragonDance,ZenHeadbutt,Crunch,RockSlide|Jolly|,252,,,48,208|M||||,,,,,Rock]Tentacruel||RockyHelmet|ClearBody|Haze,FlipTurn,ToxicSpikes,Surf|Calm|252,,,,252,4|M||||,,,,,Water]Gloomhorn||SpookyPlate|Technician|Poltergeist,ShadowSneak,GunkShot,Uturn|Adamant|252,252,,,4,|F||||,,,,,Dark]Wild Wind||Leftovers|Protosynthesis|Synthesis,DireClaw,Uturn,Encore|Timid|116,,120,,252,20|M||||,,,,,Fairy\",\"rating\":0}\n>chat ☆ElysianSoul222|hf\n>chat ☆testingooooo|u toooo\n>p1 team 3, 2, 1, 4, 5, 6\n>p2 team 1, 2, 3, 4, 5, 6\n>chat ☆testingooooo|are you rindo\n>chat ☆testingooooo|ill cry\n>p1 move stealthrock\n>p2 move nastyplot\n>p1 move earthpower\n>p2 move energyball\n>p1 switch 3\n>p1 move shadowclaw\n>p2 switch 2\n>chat ☆ElysianSoul222|this is the big threat\n>chat ☆testingooooo|tauros?\n>chat ☆ElysianSoul222|the elecprobe\n>chat ☆testingooooo|yes it is\n>chat ☆testingooooo|only palossand a switch\n>p1 switch 4\n>p2 move willowisp\n>p1 move strangesteam\n>p2 switch 4\n>p1 switch 4\n>p2 move toxicspikes\n>p1 move swordsdance\n>p2 switch 4\n>p1 move bravebird\n>p2 move ragingbull\n>p2 switch 2\n>p1 move bravebird\n>p2 move foulplay\n>chat ☆testingooooo|wee'\n>chat ☆ElysianSoul222|this is ghost lol\n>chat ☆ElysianSoul222|forgot about that\n>p1 switch 4\n>p1 move strangesteam\n>p2 move nastyplot terastallize\n>chat ☆testingooooo|kinda cooks\n>p1 move strangesteam\n>p2 move electrodrift\n>chat ☆testingooooo|why is that contact\n>p1 switch 6\n>chat ☆ElysianSoul222|yeah electro drift is contact\n>chat ☆ElysianSoul222|wait\n>chat ☆ElysianSoul222|oh god\n>chat ☆testingooooo|hmm?\n>chat ☆ElysianSoul222|please don't be this lol\n>p1 move alluringvoice\n>p2 switch 4\n>p1 move calmmind\n>p2 move toxicspikes\n>p1 move thunderbolt\n>p2 move haze\n>p1 move thunderbolt\n>p2 move surf\n>p2 switch 5\n>p1 move calmmind\n>p2 move gunkshot\n>p1 move alluringvoice\n>p2 move gunkshot\n>p2 switch 3\n>p1 move alluringvoice\n>p2 move rockslide mega\n>p1 switch 5\n>chat ☆ElysianSoul222|look tho\n>p1 move autotomize\n>p2 switch 6\n>chat ☆ElysianSoul222|elecprobe\n>chat ☆ElysianSoul222|has soundproof lmao\n>chat ☆testingooooo|OH\n>p1 move heatwave\n>p2 move encore\n>chat ☆testingooooo|for what move\n>chat ☆ElysianSoul222|alluring voice\n>chat ☆testingooooo|interesting\n>chat ☆testingooooo|i was aftermath tho\n>chat ☆ElysianSoul222|yeah aftermath makes sense as well\n>p1 switch 2\n>p2 switch 6\n>p1 move bodypress mega\n>p2 switch 6\n>p1 move airslash\n>p2 move synthesis\n>p1 move uturn\n>p2 move synthesis\n>p1 switch 2\n>p1 move terablast terastallize\n>p2 move direclaw\n>chat ☆testingooooo|oh god\n>chat ☆ElysianSoul222|oh dire claw lol\n>p1 move autotomize\n>p2 move encore\n>chat ☆testingooooo|i didnt think it would be that lol\n>p2 switch 4\n>p1 move terablast\n>p2 move electrodrift\n>p1 switch 2\n>p1 move bodypress\n>p2 move electrodrift","uploadtime":1760213954}