{"id":"gen9natdexdraft-90","log":"|j|☆ElysianSoul222\n|j|☆testingooooo\n|t:|1760792503\n|gametype|singles\n|player|p1|ElysianSoul222|skierf|\n|player|p2|testingooooo|265|\n|gen|9\n|tier|[Gen 9] NatDex Draft\n|rule|Tera Type Preview: Tera Types are shown at Team Preview\n|rule|Sleep Clause Mod: Limit one foe put to sleep\n|rule|OHKO Clause: OHKO moves are banned\n|rule|Evasion Clause: Evasion abilities, items, and moves are banned\n|rule|Evasion Abilities Clause: Evasion abilities are banned\n|rule|Evasion Items Clause: Evasion items are banned\n|rule|Evasion Moves Clause: Evasion moves are banned\n|rule|Endless Battle Clause: Forcing endless battles is banned\n|rule|HP Percentage Mod: HP is shown in percentages\n|raw|<div class=\"infobox\"><details class=\"readmore\" open><summary><strong>1 custom rule:</strong></summary> Tera Type Preview</details></div>\n|clearpoke\n|poke|p1|Flutter Lame, M|\n|poke|p1|Blaziken, M|\n|poke|p1|Celebi-Hell, F|\n|poke|p1|Zapdos|\n|poke|p1|Starmie, M|\n|poke|p1|Araquanid, F|\n|poke|p2|Iron Saw, F|\n|poke|p2|Crossblue, F|\n|poke|p2|Drifblim-Hell, F|\n|poke|p2|Spike Claw, F|\n|poke|p2|Iron Boulder|\n|poke|p2|Overqwil, F|\n|raw|ElysianSoul222's Tera Types:<br /><psicon pokemon=\"flutterlame\" /><psicon type=\"Ghost\" /> / <psicon pokemon=\"blaziken\" /><psicon type=\"Electric\" /> / <psicon pokemon=\"celebihell\" /><psicon type=\"Steel\" /> / <psicon pokemon=\"zapdos\" /><psicon type=\"Electric\" /> / <psicon pokemon=\"starmie\" /><psicon type=\"Water\" /> / <psicon pokemon=\"araquanid\" /><psicon type=\"Water\" />\n|raw|testingooooo's Tera Types:<br /><psicon pokemon=\"ironsaw\" /><psicon type=\"Electric\" /> / <psicon pokemon=\"crossblue\" /><psicon type=\"Bug\" /> / <psicon pokemon=\"drifblimhell\" /><psicon type=\"Water\" /> / <psicon pokemon=\"spikeclaw\" /><psicon type=\"Grass\" /> / <psicon pokemon=\"ironboulder\" /><psicon type=\"Ground\" /> / <psicon pokemon=\"overqwil\" /><psicon type=\"Dark\" />\n|teampreview\n|c|☆ElysianSoul222|hf\n|c|☆testingooooo|hff\n|c|☆testingooooo|u 2\n|c|☆testingooooo|i tweaked\n|c|☆ElysianSoul222|okkk\n|\n|t:|1760792546\n|teamsize|p1|6\n|teamsize|p2|6\n|start\n|switch|p1a: Zapdos|Zapdos, shiny|100/100\n|switch|p2a: Iron Saw|Iron Saw, F|100/100\n|turn|1\n|\n|t:|1760792551\n|move|p2a: Iron Saw|Nature's Madness|p1a: Zapdos\n|-damage|p1a: Zapdos|50/100\n|move|p1a: Zapdos|Heat Wave|p2a: Iron Saw\n|-supereffective|p2a: Iron Saw\n|-damage|p2a: Iron Saw|30/100\n|\n|upkeep\n|turn|2\n|\n|t:|1760792558\n|move|p2a: Iron Saw|Light Screen|p2a: Iron Saw\n|-sidestart|p2: testingooooo|move: Light Screen\n|move|p1a: Zapdos|Roost|p1a: Zapdos\n|-heal|p1a: Zapdos|100/100\n|-singleturn|p1a: Zapdos|move: Roost\n|\n|upkeep\n|turn|3\n|\n|t:|1760792567\n|move|p2a: Iron Saw|Nature's Madness|p1a: Zapdos\n|-damage|p1a: Zapdos|50/100\n|move|p1a: Zapdos|Volt Switch|p2a: Iron Saw\n|-resisted|p2a: Iron Saw\n|-damage|p2a: Iron Saw|20/100\n|\n|t:|1760792577\n|switch|p1a: Blaziken|Blaziken, M, shiny|100/100|[from] Volt Switch\n|\n|upkeep\n|turn|4\n|\n|t:|1760792585\n|move|p1a: Blaziken|Protect|p1a: Blaziken\n|-singleturn|p1a: Blaziken|Protect\n|move|p2a: Iron Saw|Drill Run|p1a: Blaziken\n|-activate|p1a: Blaziken|move: Protect\n|\n|-ability|p1a: Blaziken|Speed Boost|boost\n|-boost|p1a: Blaziken|spe|1\n|upkeep\n|turn|5\n|\n|t:|1760792597\n|-end|p2a: Iron Saw|Quark Drive|[silent]\n|switch|p2a: Overqwil|Overqwil, F|100/100\n|-ability|p2a: Overqwil|Intimidate|boost\n|-unboost|p1a: Blaziken|atk|1\n|move|p1a: Blaziken|Earthquake|p2a: Overqwil\n|-supereffective|p2a: Overqwil\n|-enditem|p2a: Overqwil|Shuca Berry|[eat]\n|-enditem|p2a: Overqwil|Shuca Berry|[weaken]\n|-damage|p2a: Overqwil|74/100\n|\n|-ability|p1a: Blaziken|Speed Boost|boost\n|-boost|p1a: Blaziken|spe|1\n|upkeep\n|turn|6\n|\n|t:|1760792608\n|move|p1a: Blaziken|Earthquake|p2a: Overqwil\n|-supereffective|p2a: Overqwil\n|-damage|p2a: Overqwil|27/100\n|move|p2a: Overqwil|Liquidation|p1a: Blaziken\n|-supereffective|p1a: Blaziken\n|-damage|p1a: Blaziken|14/100\n|\n|-ability|p1a: Blaziken|Speed Boost|boost\n|-boost|p1a: Blaziken|spe|1\n|upkeep\n|turn|7\n|\n|t:|1760792616\n|move|p1a: Blaziken|Earthquake|p2a: Overqwil\n|-supereffective|p2a: Overqwil\n|-damage|p2a: Overqwil|0 fnt\n|faint|p2a: Overqwil\n|\n|-ability|p1a: Blaziken|Speed Boost|boost\n|-boost|p1a: Blaziken|spe|1\n|upkeep\n|\n|t:|1760792619\n|switch|p2a: Drifblim-Hell|Drifblim-Hell, F|100/100\n|turn|8\n|\n|t:|1760792641\n|detailschange|p2a: Drifblim-Hell|Drifblim-Hell-Mega, F\n|-mega|p2a: Drifblim-Hell|Drifblim-Hell|Drifblimite Hell\n|-terastallize|p1a: Blaziken|Electric\n|move|p1a: Blaziken|Thunder Punch|p2a: Drifblim-Hell\n|-supereffective|p2a: Drifblim-Hell\n|-damage|p2a: Drifblim-Hell|67/100\n|-status|p2a: Drifblim-Hell|par\n|move|p2a: Drifblim-Hell|Surf|p1a: Blaziken\n|-damage|p1a: Blaziken|0 fnt\n|faint|p1a: Blaziken\n|\n|upkeep\n|c|☆testingooooo|oh wtf\n|c|☆testingooooo|did 0\n|\n|t:|1760792657\n|switch|p1a: Celebi-Hell|Celebi-Hell, F, shiny|100/100\n|turn|9\n|c|☆testingooooo|ph intimidate\n|c|☆ElysianSoul222|crazy \n|\n|t:|1760792678\n|switch|p2a: Spike Claw|Spike Claw, F|100/100\n|move|p1a: Celebi-Hell|Stealth Rock|p2a: Spike Claw\n|-sidestart|p2: testingooooo|move: Stealth Rock\n|\n|-sideend|p2: testingooooo|move: Light Screen\n|upkeep\n|turn|10\n|\n|t:|1760792683\n|move|p1a: Celebi-Hell|U-turn|p2a: Spike Claw\n|-supereffective|p2a: Spike Claw\n|-damage|p2a: Spike Claw|67/100\n|\n|t:|1760792688\n|switch|p1a: Zapdos|Zapdos, shiny|50/100|[from] U-turn\n|move|p2a: Spike Claw|Leech Seed|p1a: Zapdos\n|-start|p1a: Zapdos|move: Leech Seed\n|\n|-heal|p2a: Spike Claw|73/100|[from] item: Leftovers\n|-damage|p1a: Zapdos|38/100|[from] Leech Seed|[of] p2a: Spike Claw\n|-heal|p2a: Spike Claw|83/100|[silent]\n|upkeep\n|turn|11\n|\n|t:|1760792693\n|-end|p2a: Spike Claw|Protosynthesis|[silent]\n|switch|p2a: Iron Saw|Iron Saw, F|20/100\n|-damage|p2a: Iron Saw|14/100|[from] Stealth Rock\n|move|p1a: Zapdos|Roost|p1a: Zapdos\n|-heal|p1a: Zapdos|88/100\n|-singleturn|p1a: Zapdos|move: Roost\n|\n|-damage|p1a: Zapdos|75/100|[from] Leech Seed|[of] p2a: Iron Saw\n|-heal|p2a: Iron Saw|30/100|[silent]\n|upkeep\n|turn|12\n|\n|t:|1760792719\n|move|p2a: Iron Saw|Nature's Madness|p1a: Zapdos\n|-damage|p1a: Zapdos|38/100\n|move|p1a: Zapdos|Heat Wave|p2a: Iron Saw\n|-supereffective|p2a: Iron Saw\n|-damage|p2a: Iron Saw|0 fnt\n|faint|p2a: Iron Saw\n|-end|p2a: Iron Saw|Quark Drive|[silent]\n|\n|upkeep\n|\n|t:|1760792724\n|switch|p2a: Iron Boulder|Iron Boulder|100/100\n|-damage|p2a: Iron Boulder|88/100|[from] Stealth Rock\n|-enditem|p2a: Iron Boulder|Booster Energy\n|-activate|p2a: Iron Boulder|ability: Quark Drive|[fromitem]\n|-start|p2a: Iron Boulder|quarkdrivespe\n|turn|13\n|\n|t:|1760792728\n|switch|p1a: Silk Road|Araquanid, F, shiny|100/100\n|-terastallize|p2a: Iron Boulder|Ground\n|move|p2a: Iron Boulder|Swords Dance|p2a: Iron Boulder\n|-boost|p2a: Iron Boulder|atk|2\n|\n|upkeep\n|turn|14\n|c|☆testingooooo|ready\n|\n|t:|1760792735\n|move|p2a: Iron Boulder|Rock Blast|p1a: Silk Road\n|-supereffective|p1a: Silk Road\n|-enditem|p1a: Silk Road|Charti Berry|[eat]\n|-enditem|p1a: Silk Road|Charti Berry|[weaken]\n|-damage|p1a: Silk Road|83/100\n|-supereffective|p1a: Silk Road\n|-damage|p1a: Silk Road|48/100\n|-supereffective|p1a: Silk Road\n|-damage|p1a: Silk Road|12/100\n|-supereffective|p1a: Silk Road\n|-damage|p1a: Silk Road|0 fnt\n|faint|p1a: Silk Road\n|-hitcount|p1: Silk Road|4\n|\n|upkeep\n|\n|t:|1760792743\n|switch|p1a: Starmie|Starmie, M, shiny|100/100\n|turn|15\n|\n|t:|1760792749\n|detailschange|p1a: Starmie|Starmie-Mega, M, shiny\n|-mega|p1a: Starmie|Starmie|Starmite\n|move|p2a: Iron Boulder|Earthquake|p1a: Starmie\n|-damage|p1a: Starmie|0 fnt\n|faint|p1a: Starmie\n|detailschange|p1: Starmie|Starmie, M, shiny|[silent]\n|\n|upkeep\n|\n|t:|1760792755\n|switch|p1a: Flutter Lame|Flutter Lame, M, shiny|100/100\n|-enditem|p1a: Flutter Lame|Booster Energy\n|-activate|p1a: Flutter Lame|ability: Protosynthesis|[fromitem]\n|-start|p1a: Flutter Lame|protosynthesisspa\n|turn|16\n|\n|t:|1760792761\n|-end|p2a: Iron Boulder|Quark Drive|[silent]\n|switch|p2a: Spike Claw|Spike Claw, F|83/100\n|-damage|p2a: Spike Claw|71/100|[from] Stealth Rock\n|move|p1a: Flutter Lame|Moonblast|p2a: Spike Claw\n|-damage|p2a: Spike Claw|25/100\n|\n|-heal|p2a: Spike Claw|31/100|[from] item: Leftovers\n|upkeep\n|turn|17\n|c|☆testingooooo|cuz y nt\n|\n|t:|1760792783\n|move|p1a: Flutter Lame|Moonblast|p2a: Spike Claw\n|-damage|p2a: Spike Claw|0 fnt\n|faint|p2a: Spike Claw\n|-end|p2a: Spike Claw|Protosynthesis|[silent]\n|\n|upkeep\n|\n|t:|1760792787\n|switch|p2a: Drifblim-Hell|Drifblim-Hell-Mega, F|67/100 par\n|-damage|p2a: Drifblim-Hell|55/100 par|[from] Stealth Rock\n|turn|18\n|c|☆ElysianSoul222|well if they brought this\n|c|☆ElysianSoul222|then it is what it is lol\n|\n|t:|1760792797\n|move|p1a: Flutter Lame|Psyshock|p2a: Drifblim-Hell\n|-supereffective|p2a: Drifblim-Hell\n|-damage|p2a: Drifblim-Hell|11/100 par\n|cant|p2a: Drifblim-Hell|par\n|\n|upkeep\n|turn|19\n|c|☆testingooooo|LOL YEAH\n|c|☆testingooooo|oawwwwww\n|c|☆testingooooo|i mirror coated\n|\n|t:|1760792810\n|move|p1a: Flutter Lame|Moonblast|p2a: Drifblim-Hell\n|-resisted|p2a: Drifblim-Hell\n|-damage|p2a: Drifblim-Hell|0 fnt\n|faint|p2a: Drifblim-Hell\n|detailschange|p2: Drifblim-Hell|Drifblim-Hell, F|[silent]\n|\n|upkeep\n|c|☆ElysianSoul222|oof\n|c|☆testingooooo|ok go somthing else\n|c|☆ElysianSoul222|k\n|\n|t:|1760792823\n|switch|p2a: Crossblue|Crossblue, F|100/100\n|-damage|p2a: Crossblue|88/100|[from] Stealth Rock\n|turn|20\n|\n|t:|1760792827\n|-end|p1a: Flutter Lame|Protosynthesis|[silent]\n|switch|p1a: Celebi-Hell|Celebi-Hell, F, shiny|100/100\n|move|p2a: Crossblue|Trailblaze|p1a: Celebi-Hell\n|-resisted|p1a: Celebi-Hell\n|-damage|p1a: Celebi-Hell|95/100\n|-boost|p2a: Crossblue|spe|1\n|\n|-heal|p1a: Celebi-Hell|100/100|[from] item: Leftovers\n|upkeep\n|turn|21\n|\n|t:|1760792833\n|move|p2a: Crossblue|Earthquake|p1a: Celebi-Hell\n|-supereffective|p1a: Celebi-Hell\n|-damage|p1a: Celebi-Hell|56/100\n|move|p1a: Celebi-Hell|Iron Head|p2a: Crossblue\n|-damage|p2a: Crossblue|52/100\n|\n|-heal|p1a: Celebi-Hell|63/100|[from] item: Leftovers\n|upkeep\n|turn|22\n|\n|t:|1760792840\n|move|p2a: Crossblue|Earthquake|p1a: Celebi-Hell\n|-supereffective|p1a: Celebi-Hell\n|-damage|p1a: Celebi-Hell|15/100\n|move|p1a: Celebi-Hell|Iron Head|p2a: Crossblue\n|-damage|p2a: Crossblue|16/100\n|\n|-heal|p1a: Celebi-Hell|21/100|[from] item: Leftovers\n|upkeep\n|turn|23\n|c|☆testingooooo|hes tank\n|\n|t:|1760792850\n|switch|p1a: Zapdos|Zapdos, shiny|38/100\n|move|p2a: Crossblue|Earthquake|p1a: Zapdos\n|-immune|p1a: Zapdos\n|\n|upkeep\n|turn|24\n|\n|t:|1760792852\n|move|p2a: Crossblue|Rock Blast|p1a: Zapdos\n|-supereffective|p1a: Zapdos\n|-damage|p1a: Zapdos|24/100\n|-supereffective|p1a: Zapdos\n|-damage|p1a: Zapdos|10/100\n|-supereffective|p1a: Zapdos\n|-damage|p1a: Zapdos|0 fnt\n|faint|p1a: Zapdos\n|-ability|p2a: Crossblue|Moxie|boost\n|-boost|p2a: Crossblue|atk|1\n|-hitcount|p1: Zapdos|3\n|\n|upkeep\n|\n|t:|1760792855\n|switch|p1a: Flutter Lame|Flutter Lame, M, shiny|100/100\n|turn|25\n|\n|t:|1760792863\n|move|p2a: Crossblue|Earthquake|p1a: Flutter Lame\n|-damage|p1a: Flutter Lame|14/100\n|move|p1a: Flutter Lame|Shadow Ball|p2a: Crossblue\n|-damage|p2a: Crossblue|0 fnt\n|faint|p2a: Crossblue\n|\n|upkeep\n|c|☆testingooooo|oh nice live\n|\n|t:|1760792870\n|switch|p2a: Iron Boulder|Iron Boulder, tera:Ground|88/100\n|-damage|p2a: Iron Boulder|82/100|[from] Stealth Rock\n|turn|26\n|\n|t:|1760792873\n|move|p2a: Iron Boulder|Mighty Cleave|p1a: Flutter Lame\n|-damage|p1a: Flutter Lame|0 fnt\n|faint|p1a: Flutter Lame\n|-end|p1a: Flutter Lame|Protosynthesis|[silent]\n|\n|upkeep\n|c|☆ElysianSoul222|oh double rock move :sob:\n|\n|t:|1760792881\n|switch|p1a: Celebi-Hell|Celebi-Hell, F, shiny|21/100\n|turn|27\n|c|☆ElysianSoul222|gg\n|c|☆testingooooo|tbh going direct to araquanid is risky\n|\n|t:|1760792889\n|move|p2a: Iron Boulder|Earthquake|p1a: Celebi-Hell\n|-supereffective|p1a: Celebi-Hell\n|-damage|p1a: Celebi-Hell|0 fnt\n|faint|p1a: Celebi-Hell\n|\n|win|testingooooo\n|c|☆testingooooo|gg\n|c|☆testingooooo|what if he attack\n|c|☆ElysianSoul222|if I don't go hard araq\n|c|☆ElysianSoul222|it is even more risky\n|c|☆ElysianSoul222|bc stuff can tank 1 eq\n|c|☆testingooooo|anyway i thinnk its fine now but gawd \n|c|☆ElysianSoul222|but not +2 eq\n|c|☆testingooooo|the drifblim is tank\n|c|☆ElysianSoul222|super tank\n|c|☆testingooooo|like wtf\n|c|☆ElysianSoul222|I changed to blaze kick tho\n|c|☆testingooooo|btw its only recovery is strength sap you kniw\n|c|☆ElysianSoul222|don't know which is better\n|c|☆ElysianSoul222|lol\n|c|☆ElysianSoul222|bc\n|c|☆ElysianSoul222|it missed out on some damage\n|c|☆testingooooo|you know you can block strength sap with that one item\n|c|☆ElysianSoul222|and I changed to volt hurricane\n|c|☆ElysianSoul222|wait\n|c|☆testingooooo|i think clear amulet\n|c|☆ElysianSoul222|clear amulet does not block tho\n|c|☆ElysianSoul222|just don't drop\n|c|☆testingooooo|ah okay\n|c|☆testingooooo|nvm then\n|c|☆ElysianSoul222|annoying driftblim\n|c|☆testingooooo|okay gg fun games\n|c|☆ElysianSoul222|do you think volt hurricane heatwave\n|c|☆testingooooo|lets go my game around the same time tmrw\n|c|☆ElysianSoul222|or uturn discharge heat wave\n|c|☆ElysianSoul222|no problem\n|c|☆testingooooo|its rough\n|c|☆testingooooo|because u see what i was doin right\n|c|☆ElysianSoul222|yeah\n|c|☆testingooooo|i just sack saw to zap\n|c|☆testingooooo|and go into the mfkr\n|c|☆ElysianSoul222|also rock blast is also risky without dice\n|c|☆testingooooo|yes lol\n|c|☆testingooooo|no way they bring it\n|c|☆testingooooo|i got lucky with 4 hits\n|c|☆ElysianSoul222|and I can't do much lol\n|c|☆ElysianSoul222|so\n|c|☆ElysianSoul222|if they don't bring tera ground boulder\n|c|☆testingooooo|nah fuck that sash araq is fine\n|c|☆testingooooo|hmmm\n|c|☆ElysianSoul222|volt should be better as I can put hurricane\n|c|☆testingooooo|if its not t ground what could it be\n|c|☆ElysianSoul222|actually\n|c|☆ElysianSoul222|can I fit whirlwind lol\n|c|☆testingooooo|oh snap \n|c|☆testingooooo|thats very clena\n|c|☆testingooooo|i love tha\n|c|☆testingooooo|tt\n|c|☆ElysianSoul222|uturn heatwave whirlwind is even crazier\n|c|☆ElysianSoul222|or screens it myself\n|c|☆testingooooo|thats an option for sure\n|c|☆ElysianSoul222|uturn reflect heat wave roost\n|c|☆testingooooo|lol screens are cheap\n|c|☆testingooooo|remember last week veil\n|c|☆ElysianSoul222|super cheap\n|c|☆testingooooo|absolute bs\n|c|☆testingooooo|and whats funny is\n|c|☆testingooooo|both this week and last week you gt mons that outspeed starmie by like 2 pts\n|c|☆ElysianSoul222|lol\n|c|☆ElysianSoul222|136 and 138\n|c|☆testingooooo|ye\n|c|☆testingooooo|fuck man i didnt like the blaziken damage tho\n|c|☆ElysianSoul222|yeah intim messed things up quite hard\n|c|☆testingooooo|aight broski\n|c|☆testingooooo|time to go\n|c|☆testingooooo|game in 5hours?\n|c|☆ElysianSoul222|could be soon lol\n|c|☆ElysianSoul222|they built\n|c|☆ElysianSoul222|but should be fine\n|c|☆testingooooo|aight\n|c|☆ElysianSoul222|cya\n|c|☆testingooooo|good luck1!\n|c|☆ElysianSoul222|thanks\n|l|☆ElysianSoul222\n|player|p1|\n|c|☆testingooooo|cyaa\n|l|☆testingooooo\n|player|p2|\n|j|☆ElysianSoul222\n|player|p1|ElysianSoul222|skierf|\n|l|☆ElysianSoul222\n|player|p1|\n|j|☆ElysianSoul222\n|player|p1|ElysianSoul222|skierf|\n","players":["ElysianSoul222","testingooooo"],"format":"[Gen 9] NatDex Draft","rating":null,"private":1,"password":"fv5n16l9n2lfm0wt8jv5h42tq5wgyfm","inputlog":">version 266cd7969f11373d44307dd452d2e51e08c39070\n>start {\"formatid\":\"gen9natdexdraft@@@Tera Type Preview\",\"seed\":\"sodium,5b195e34b4cac1a51afa3f4e7d6ee048\"}\n>player p1 {\"name\":\"ElysianSoul222\",\"avatar\":\"skierf\",\"team\":\"Flutter Lame||BoosterEnergy|Protosynthesis|CalmMind,Moonblast,ShadowBall,Psyshock|Modest|20,,,252,,236|M|,0,,,,|S||,,,,,Ghost]Blaziken||ExpertBelt|SpeedBoost|Protect,ThunderPunch,Earthquake,BlazeKick|Jolly|,252,,,4,252|M||S||,,,,,Electric]Celebi-Hell||Leftovers|MotorDrive|StealthRock,Uturn,IronHead,Recover|Impish|252,,160,,,96|F||S||,,,,,Steel]Zapdos||HeavyDutyBoots|Static|VoltSwitch,Hurricane,HeatWave,Roost|Bold|252,,160,,,96|N|,0,,,,|S||,,,,,Electric]Starmie||Starmite|NaturalCure|Scald,FlipTurn,Psychic,RapidSpin|Timid|88,,,252,,168|M||S||,,,,,Water]Silk Road|Araquanid|ChartiBerry|WaterBubble|StickyWeb,Liquidation,LeechLife,Infestation|Impish|252,,252,,,4|F||S||,,,,,Water\",\"rating\":0}\n>player p2 {\"name\":\"testingooooo\",\"avatar\":\"265\",\"team\":\"Iron Saw||LightClay|QuarkDrive|ThunderPunch,DrillRun,NaturesMadness,LightScreen|Jolly|,252,,,24,232|F||||,,,,,Electric]Crossblue||LoadedDice|Moxie|RockBlast,PinMissile,Earthquake,Trailblaze|Jolly|,252,,,4,252|F||||,,,,,Bug]Drifblim-Hell||DrifblimiteHell|PoisonPoint|StrengthSap,Surf,Defog,MirrorCoat|Bold|160,,252,8,88,|F|,0,,,,|||,,,,,Water]Spike Claw||Leftovers|Protosynthesis|Wish,BodySlam,LeechSeed,Protect|Careful|252,,4,,252,|F||||,,,,,Grass]Iron Boulder||BoosterEnergy|QuarkDrive|Earthquake,MightyCleave,SwordsDance,RockBlast|Jolly|,252,,,4,252|N||||,Fighting,,,,Ground]Overqwil||ShucaBerry|Intimidate|Spikes,GunkShot,SwordsDance,Liquidation|Adamant|252,252,,,4,|F||||,,,,,Dark\",\"rating\":0}\n>chat ☆ElysianSoul222|hf\n>chat ☆testingooooo|hff\n>chat ☆testingooooo|u 2\n>chat ☆testingooooo|i tweaked\n>chat ☆ElysianSoul222|okkk\n>p1 team 4, 2, 3, 1, 5, 6\n>p2 team 1, 2, 3, 4, 5, 6\n>p1 move heatwave\n>p2 move naturesmadness\n>p1 move roost\n>p2 move lightscreen\n>p1 move voltswitch\n>p2 move naturesmadness\n>p1 switch 2\n>p1 move protect\n>p2 move drillrun\n>p1 move earthquake\n>p2 switch 6\n>p1 move earthquake\n>p2 move liquidation\n>p1 move earthquake\n>p2 move spikes\n>p2 switch 3\n>p1 move thunderpunch terastallize\n>p2 move surf mega\n>chat ☆testingooooo|oh wtf\n>chat ☆testingooooo|did 0\n>p1 switch 3\n>chat ☆testingooooo|ph intimidate\n>chat ☆ElysianSoul222|crazy \n>p1 move stealthrock\n>p2 switch 4\n>p1 move uturn\n>p2 move leechseed\n>p1 switch 2\n>p1 move roost\n>p2 switch 6\n>p1 move heatwave\n>p2 move naturesmadness\n>p2 switch 5\n>p1 switch 6\n>p2 move swordsdance terastallize\n>chat ☆testingooooo|ready\n>p1 move liquidation\n>p2 move rockblast\n>p1 switch 5\n>p1 move scald mega\n>p2 move earthquake\n>p1 switch 4\n>p1 move moonblast\n>p2 switch 6\n>chat ☆testingooooo|cuz y nt\n>p1 move moonblast\n>p2 move leechseed\n>p2 switch 4\n>chat ☆ElysianSoul222|well if they brought this\n>chat ☆ElysianSoul222|then it is what it is lol\n>p1 move psyshock\n>p2 move mirrorcoat\n>chat ☆testingooooo|LOL YEAH\n>chat ☆testingooooo|oawwwwww\n>chat ☆testingooooo|i mirror coated\n>p1 move moonblast\n>p2 move surf\n>chat ☆ElysianSoul222|oof\n>chat ☆testingooooo|ok go somthing else\n>chat ☆ElysianSoul222|k\n>p2 switch 2\n>p1 switch 2\n>p2 move trailblaze\n>p1 move ironhead\n>p2 move earthquake\n>p1 move ironhead\n>p2 move earthquake\n>chat ☆testingooooo|hes tank\n>p1 switch 6\n>p2 move earthquake\n>p1 move voltswitch\n>p2 move rockblast\n>p1 switch 2\n>p1 move shadowball\n>p2 move earthquake\n>chat ☆testingooooo|oh nice live\n>p2 switch 6\n>p1 move moonblast\n>p2 move mightycleave\n>chat ☆ElysianSoul222|oh double rock move :sob:\n>p1 switch 6\n>chat ☆ElysianSoul222|gg\n>chat ☆testingooooo|tbh going direct to araquanid is risky\n>p1 move recover\n>p2 move earthquake","uploadtime":1760793670}