{"id":"gen9natdexdraft-78","log":"|j|☆lols/bolt strika\n|j|☆nimjaishot\n|t:|1760576620\n|gametype|singles\n|player|p1|lols/bolt strika|2|\n|player|p2|nimjaishot|266|\n|gen|9\n|tier|[Gen 9] NatDex Draft\n|rule|Tera Type Preview: Tera Types are shown at Team Preview\n|rule|Sleep Clause Mod: Limit one foe put to sleep\n|rule|OHKO Clause: OHKO moves are banned\n|rule|Evasion Clause: Evasion abilities, items, and moves are banned\n|rule|Evasion Abilities Clause: Evasion abilities are banned\n|rule|Evasion Items Clause: Evasion items are banned\n|rule|Evasion Moves Clause: Evasion moves are banned\n|rule|Endless Battle Clause: Forcing endless battles is banned\n|rule|HP Percentage Mod: HP is shown in percentages\n|raw|<div class=\"infobox\"><details class=\"readmore\" open><summary><strong>1 custom rule:</strong></summary> Tera Type Preview</details></div>\n|clearpoke\n|poke|p1|Elecprobe|\n|poke|p1|Gholdengo-Sea, M|\n|poke|p1|Cinderace, M|\n|poke|p1|Mandibuzz, F|\n|poke|p1|Eelektross-Hell, F|\n|poke|p1|Donphan, F|\n|poke|p2|Razor Spine, F|\n|poke|p2|Enamorus, F|\n|poke|p2|Swampert, M|\n|poke|p2|Scizor, F|\n|poke|p2|Queendra, M|\n|poke|p2|Iron Hands|\n|raw|lols/bolt strika's Tera Types:<br /><psicon pokemon=\"elecprobe\" /><psicon type=\"Fire\" /> / <psicon pokemon=\"gholdengosea\" /><psicon type=\"Ghost\" /> / <psicon pokemon=\"cinderace\" /><psicon type=\"Fire\" /> / <psicon pokemon=\"mandibuzz\" /><psicon type=\"Dark\" /> / <psicon pokemon=\"eelektrosshell\" /><psicon type=\"Dark\" /> / <psicon pokemon=\"donphan\" /><psicon type=\"Ground\" />\n|raw|nimjaishot's Tera Types:<br /><psicon pokemon=\"razorspine\" /><psicon type=\"Steel\" /> / <psicon pokemon=\"enamorus\" /><psicon type=\"Stellar\" /> / <psicon pokemon=\"swampert\" /><psicon type=\"Water\" /> / <psicon pokemon=\"scizor\" /><psicon type=\"Bug\" /> / <psicon pokemon=\"queendra\" /><psicon type=\"Ice\" /> / <psicon pokemon=\"ironhands\" /><psicon type=\"Fighting\" />\n|teampreview\n|c|☆nimjaishot|gl hf\n|c|☆lols/bolt strika|u2\n|j|~SparksTheNeo\n|\n|t:|1760576643\n|teamsize|p1|6\n|teamsize|p2|6\n|start\n|switch|p1a: Demeter|Elecprobe, shiny|100/100\n|switch|p2a: Swampert|Swampert, M|100/100\n|turn|1\n|\n|t:|1760576668\n|move|p1a: Demeter|Giga Drain|p2a: Swampert\n|-supereffective|p2a: Swampert\n|-enditem|p2a: Swampert|Rindo Berry|[eat]\n|-enditem|p2a: Swampert|Rindo Berry|[weaken]\n|-damage|p2a: Swampert|49/100\n|move|p2a: Swampert|Earthquake|p1a: Demeter\n|-damage|p1a: Demeter|41/100\n|\n|upkeep\n|turn|2\n|\n|t:|1760576677\n|move|p1a: Demeter|Giga Drain|p2a: Swampert\n|-supereffective|p2a: Swampert\n|-crit|p2a: Swampert\n|-damage|p2a: Swampert|0 fnt\n|-heal|p1a: Demeter|78/100|[from] drain|[of] p2a: Swampert\n|faint|p2a: Swampert\n|\n|upkeep\n|\n|t:|1760576681\n|switch|p2a: Scizor|Scizor, F|100/100\n|turn|3\n|j| The_Shawdoin\n|\n|t:|1760576683\n|-terastallize|p1a: Demeter|Fire\n|move|p1a: Demeter|Tera Blast|p2a: Scizor|[anim] Tera Blast Fire\n|-supereffective|p2a: Scizor\n|-damage|p2a: Scizor|0 fnt\n|faint|p2a: Scizor\n|\n|upkeep\n|\n|t:|1760576699\n|switch|p2a: Enamorus|Enamorus, F|100/100\n|turn|4\n|\n|t:|1760576711\n|switch|p1a: Gaia|Donphan, F, shiny|100/100\n|move|p2a: Enamorus|Earth Power|p1a: Gaia\n|-damage|p1a: Gaia|64/100\n|-unboost|p1a: Gaia|spd|1\n|\n|upkeep\n|turn|5\n|\n|t:|1760576717\n|switch|p1a: Persephone|Mandibuzz, F, shiny|100/100\n|move|p2a: Enamorus|Earth Power|p1a: Persephone\n|-immune|p1a: Persephone\n|\n|upkeep\n|turn|6\n|\n|t:|1760576721\n|switch|p2a: Iron Hands|Iron Hands|100/100\n|move|p1a: Persephone|U-turn|p2a: Iron Hands\n|-resisted|p2a: Iron Hands\n|-damage|p2a: Iron Hands|97/100\n|\n|t:|1760576724\n|switch|p1a: Gaia|Donphan, F, shiny|64/100|[from] U-turn\n|\n|upkeep\n|turn|7\n|\n|t:|1760576729\n|move|p1a: Gaia|Knock Off|p2a: Iron Hands\n|-resisted|p2a: Iron Hands\n|-damage|p2a: Iron Hands|84/100\n|-enditem|p2a: Iron Hands|Assault Vest|[from] move: Knock Off|[of] p1a: Gaia\n|move|p2a: Iron Hands|Drain Punch|p1a: Gaia\n|-damage|p1a: Gaia|27/100\n|-heal|p2a: Iron Hands|99/100|[from] drain|[of] p1a: Gaia\n|\n|upkeep\n|turn|8\n|\n|t:|1760576735\n|move|p1a: Gaia|Earthquake|p2a: Iron Hands\n|-supereffective|p2a: Iron Hands\n|-damage|p2a: Iron Hands|24/100\n|move|p2a: Iron Hands|Drain Punch|p1a: Gaia\n|-damage|p1a: Gaia|0 fnt\n|-heal|p2a: Iron Hands|35/100|[from] drain|[of] p1a: Gaia\n|faint|p1a: Gaia\n|\n|upkeep\n|\n|t:|1760576739\n|switch|p1a: Achlys|Eelektross-Hell, F, shiny|100/100\n|turn|9\n|\n|t:|1760576756\n|detailschange|p1a: Achlys|Eelektross-Mega-Hell, F, shiny\n|-mega|p1a: Achlys|Eelektross-Hell|Eelektrossite HELL\n|move|p1a: Achlys|Gunk Shot|p2a: Iron Hands|[miss]\n|-miss|p1a: Achlys|p2a: Iron Hands\n|move|p2a: Iron Hands|Earthquake|p1a: Achlys\n|-supereffective|p1a: Achlys\n|-damage|p1a: Achlys|27/100\n|\n|upkeep\n|turn|10\n|c|~SparksTheNeo|rough\n|\n|t:|1760576764\n|move|p1a: Achlys|Gunk Shot|p2a: Iron Hands\n|-crit|p2a: Iron Hands\n|-damage|p2a: Iron Hands|0 fnt\n|faint|p2a: Iron Hands\n|-end|p2a: Iron Hands|Quark Drive|[silent]\n|\n|upkeep\n|\n|t:|1760576775\n|switch|p2a: Enamorus|Enamorus, F|100/100\n|turn|11\n|\n|t:|1760576783\n|-terastallize|p2a: Enamorus|Stellar\n|move|p1a: Achlys|Sucker Punch|p2a: Enamorus\n|-resisted|p2a: Enamorus\n|-damage|p2a: Enamorus|83/100\n|move|p2a: Enamorus|Tera Blast|p1a: Achlys|[anim] Tera Blast Stellar\n|-damage|p1a: Achlys|0 fnt\n|-boost|p2a: Enamorus|atk|1\n|-boost|p2a: Enamorus|spa|1\n|faint|p1a: Achlys\n|detailschange|p1: Achlys|Eelektross-Hell, F, shiny|[silent]\n|\n|upkeep\n|\n|t:|1760576787\n|switch|p1a: Hephaestus|Cinderace, M, shiny|100/100\n|turn|12\n|\n|t:|1760576800\n|move|p1a: Hephaestus|Gunk Shot|p2a: Enamorus\n|-start|p1a: Hephaestus|typechange|Poison|[from] ability: Libero\n|-supereffective|p2a: Enamorus\n|-damage|p2a: Enamorus|0 fnt\n|faint|p2a: Enamorus\n|\n|upkeep\n|\n|t:|1760576804\n|switch|p2a: Queendra|Queendra, M|100/100\n|turn|13\n|\n|t:|1760576810\n|detailschange|p2a: Queendra|Queendra-Mega, M\n|-mega|p2a: Queendra|Queendra|Queendrite\n|move|p1a: Hephaestus|Gunk Shot|p2a: Queendra\n|-crit|p2a: Queendra\n|-damage|p2a: Queendra|0 fnt\n|faint|p2a: Queendra\n|detailschange|p2: Queendra|Queendra, M|[silent]\n|\n|upkeep\n|\n|t:|1760576815\n|switch|p2a: Razor Spine|Razor Spine, F, shiny|100/100\n|turn|14\n|c|~SparksTheNeo|rough\n|\n|t:|1760576824\n|switch|p1a: Persephone|Mandibuzz, F, shiny|100/100\n|move|p2a: Razor Spine|Swords Dance|p2a: Razor Spine\n|-boost|p2a: Razor Spine|atk|2\n|\n|upkeep\n|turn|15\n|\n|t:|1760576827\n|move|p2a: Razor Spine|Stone Edge|p1a: Persephone\n|-supereffective|p1a: Persephone\n|-damage|p1a: Persephone|4/100\n|-damage|p2a: Razor Spine|91/100|[from] item: Life Orb\n|move|p1a: Persephone|Foul Play|p2a: Razor Spine\n|-supereffective|p2a: Razor Spine\n|-damage|p2a: Razor Spine|0 fnt\n|faint|p2a: Razor Spine\n|-end|p2a: Razor Spine|Protosynthesis|[silent]\n|\n|win|lols/bolt strika\n|c|☆lols/bolt strika|ggs\n|c|☆nimjaishot|ggs\n|l|☆nimjaishot\n|player|p2|\n","players":["lols/bolt strika","nimjaishot"],"format":"[Gen 9] NatDex Draft","rating":null,"private":0,"password":null,"inputlog":">version 266cd7969f11373d44307dd452d2e51e08c39070\n>start {\"formatid\":\"gen9natdexdraft@@@Tera Type Preview\",\"seed\":\"sodium,ed950051f0dce041922c6f787a31ab2a\"}\n>player p1 {\"name\":\"lols/bolt strika\",\"avatar\":\"2\",\"team\":\"Demeter|Elecprobe|HeavyDutyBoots|Static|TeraBlast,VoltSwitch,GigaDrain,NastyPlot|Modest|8,,92,204,12,192|N||S||,,,,,Fire]Oceanus|GholdengoSea|CovertCloak|GoodasGold|HydroPump,ShadowBall,NastyPlot,Recover|Bold|248,,176,20,12,52|M|,0,,,,|S||,,,,,Ghost]Hephaestus|Cinderace|ChoiceScarf|Libero|Uturn,PyroBall,SuckerPunch,GunkShot|Jolly|8,208,28,,112,152|M||S||,,,,,Fire]Persephone|Mandibuzz|HeavyDutyBoots|Overcoat|FoulPlay,Defog,Uturn,Roost|Impish|248,,192,,68,|F||S||,,,,,Dark]Achlys|EelektrossHell|EelektrossiteHELL|Levitate|GunkShot,SuckerPunch,Spikes,GigaDrain|Brave|248,120,20,8,112,|F||S||,,,,,Dark]Gaia|Donphan|HeavyDutyBoots|Sturdy|Earthquake,RapidSpin,IceShard,KnockOff|Adamant|248,156,12,,92,|F||S||,,,,,Ground\",\"rating\":0}\n>player p2 {\"name\":\"nimjaishot\",\"avatar\":\"266\",\"team\":\"Razor Spine||LifeOrb|Protosynthesis|SwordsDance,Earthquake,IronHead,StoneEdge|Jolly|,252,,,124,132|F||S||,,,,,Steel]Enamorus||ChoiceScarf|Contrary|Moonblast,EarthPower,TeraBlast,Tailwind|Timid|76,,,252,,180|F||||,,,,,Stellar]Swampert||RindoBerry|Torrent|StealthRock,Earthquake,FlipTurn,KnockOff|Careful|252,4,,,252,|M||||,,,,,Water]Scizor||HeatRock|Technician|SunnyDay,Defog,Uturn,KnockOff|Impish|248,8,,,252,|F||||,,,,,Bug]Queendra||Queendrite|ClearBody|NastyPlot,FreezeDry,DragonPulse,WeatherBall|Timid|,,,252,4,252|M|,0,,,,|||,,,,,Ice]Iron Hands||AssaultVest|QuarkDrive|VoltSwitch,Earthquake,DrainPunch,WildCharge|Adamant|4,252,,,252,|N||||,,,,,Fighting\",\"rating\":0}\n>chat ☆nimjaishot|gl hf\n>chat ☆lols/bolt strika|u2\n>p1 team 1, 2, 3, 4, 5, 6\n>p2 team 3, 2, 1, 4, 5, 6\n>p1 move gigadrain\n>p2 move earthquake\n>p1 move gigadrain\n>p2 move earthquake\n>p2 switch 4\n>p1 move terablast terastallize\n>p2 move sunnyday\n>p2 switch 2\n>p1 switch 6\n>p2 move earthpower\n>p1 switch 4\n>p2 move earthpower\n>p1 move uturn\n>p2 switch 6\n>p1 switch 4\n>p1 move knockoff\n>p2 move drainpunch\n>p1 move earthquake\n>p2 move drainpunch\n>p1 switch 5\n>p1 move gunkshot mega\n>p2 move earthquake\n>chat ~SparksTheNeo|rough\n>p1 move gunkshot\n>p2 move wildcharge\n>p2 switch 6\n>p1 move suckerpunch\n>p2 move terablast terastallize\n>p1 switch 3\n>p1 move gunkshot\n>p2 move terablast\n>p2 switch 5\n>p1 move gunkshot\n>p2 move nastyplot mega\n>p2 switch 3\n>chat ~SparksTheNeo|rough\n>p1 switch 4\n>p2 move swordsdance\n>p1 move foulplay\n>p2 move stoneedge","uploadtime":1760576847}